2258 3998
67 131 143 209 om
226 180 259 203 μ
398 104 725 178 ΕΧΑΜΕΝ

72 271 109 330 in
127 288 192 331 vno
212 278 360 330 contextu
392 271 514 332 ιλιγιυι
523 263 632 348 paullo
656 281 729 350 post
747 288 806 351 per
832 263 978 333 taureas
974 291 1038 353 εις

73 365 179 449 plicat.

131 485 162 544 p.
179 459 223 523 18.
253 479 341 520 noua
364 458 503 531 diruunt,
529 459 652 520 alia-
678 462 751 533 Ηιο,
784 462 841 546 qui
865 484 903 525 ex
926 466 1035 547 paucis

72 559 161 621 MSS
189 558 357 628 dederunt,
378 571 490 621 vetera
518 557 666 630 diruunt,
691 578 824 625 omnem
839 562 904 621 ιιιιι
924 565 1037 625 oratio-

72 658 121 717 nis
142 646 308 768 infregere.
352 651 538 730 Deseribere
558 657 648 759 enim
668 656 745 728 vult,
763 678 920 717 summam
942 659 1036 721 luxus

73 754 350 839 quasiinsaniam,
377 770 501 833 exque
519 753 572 811 vix
594 752 748 815 exstructa
769 753 808 813 ab
828 753 894 814 aliis
916 772 971 815 aut
993 755 1034 818 ab

69 852 143 941 ipsis
169 846 331 918 aedificia,
356 834 460 907 taedio
484 849 605 933 operis,
629 868 704 909 mox
725 871 831 935 ιιιιιιιι
856 836 1034 925 destruunt,

69 924 137 1007 alii's
154 946 260 1007 denno
280 943 503 1025 superstructis.
547 944 600 1005 Est
618 942 705 1007 locus
726 948 868 1031 egregius
891 950 925 1007 in
949 949 1034 1013 haue

67 1044 148 1114 iem,
173 1041 259 1124 apud
277 1040 498 1101 Suetonium
487 1060 523 1100 ιιι
546 1038 678 1101 Caesare
690 1040 746 1121 46.
758 1064 885 1129 quem,
911 1047 967 1105 etsi
990 1022 1032 1113 ad

67 1139 358 1220 interpretationem
379 1139 478 1220 magis
496 1138 662 1217 pertineat,
688 1150 793 1198 tamen
811 1139 864 1199 hic
887 1161 1032 1228 praecer-

69 1257 146 1319 pere
158 1235 244 1295 libet.
279 1232 407 1303 Villam,
430 1233 543 1314 iuquit,
565 1234 599 1293 in
611 1234 799 1297 Nemorensi
810 1256 828 1296 a
840 1236 1031 1319 fundantem

66 1336 104 1393 tis
127 1332 307 1394 inchoatam
329 1348 510 1417 magnoque
528 1344 634 1391 sumtu
656 1330 838 1403 absolutam,
865 1337 941 1417 quia
963 1357 1030 1397 non

66 1445 130 1491 tota
149 1430 190 1489 ad
206 1430 348 1489 animum
366 1428 425 1507 ipsi
446 1427 659 1516 responderat,
675 1442 783 1515 ¹totam
796 1428 933 1493 diruisse
955 1433 1027 1511 (eni

64 1526 152 1587 idem
174 1524 307 1585 verbum
329 1521 481 1600 Sallustii)
506 1543 700 1605 quanquam
721 1510 849 1585 tentiam
864 1525 1031 1593 adducet

65 1625 265 1685 obaeratum.
320 1619 364 1679 Vt
382 1617 466 1684 adeo
488 1638 555 1678 aon
583 1619 688 1695 disere
716 1622 825 1703 possis,
860 1622 938 1684 haec
961 1608 1029 1686 nou

64 1721 223 1799 pertinere
246 1716 286 1777 ad
309 1714 487 1775 Sallustium
516 1712 752 1788 illustrandum,
785 1719 839 1779 vbi
863 1719 903 1781 de
924 1724 1029 1802 priua»

64 1829 171 1875 torum
193 1812 345 1873 sumtibus
373 1831 476 1870 sermo
498 1813 544 1870 ιιι
608 1812 693 1873 Νιιιι
716 1814 866 1876 dicuntur
893 1817 1029 1906 ethaeo

63 1910 105 1971 de
126 1912 251 1992 priuato
272 1908 377 1968 adhuc
399 1906 541 1973 Caesare}
605 1907 717 1991 Itaque
731 1908 833 1993 plane
857 1915 935 1973 mihi
958 1937 1027 1996 per·

64 2027 190 2066 suasum
212 1982 325 2074 habeo,
355 2003 407 2073 hie
431 2000 628 2065 Caesarem
619 2006 761 2093 inprimis
784 2012 879 2091 tangi,
901 2013 1027 2093 (quam-

60 2105 107 2162 vis
135 2104 164 2163 ei
187 2125 252 2162 non
274 2099 435 2185 defuerint
460 2101 648 2180 imitatores)
676 2122 782 2184 neque
804 2106 838 2163 in
864 2126 902 2166 eo
926 2107 1026 2180 Sallus

61 2184 156 2260 stium
174 2201 239 2259 siue
263 2198 448 2259 modestiam
470 2196 587 2285 laesisse
608 2199 674 2256 siue
696 2199 854 2283 ingratum
870 2204 903 2261 ιιι
923 2205 1027 2267 Patro-

61 2316 141 2356 num
157 2298 299 2356 animum
318 2293 509 2375 prodidisse,
536 2313 612 2353 curn
625 2290 792 2355 Catilinam
818 2297 891 2357 talia
913 2301 1026 2363 dixisse

60 2386 166 2477 fingat.
227 2393 289 2451 Sed
319 2393 362 2450 ita
391 2409 521 2481 quoque
549 2388 611 2448 hoc
642 2409 730 2452 nouo
756 2380 948 2459 documento
970 2400 1024 2481 sit,

59 2505 186 2550 mortuo
209 2487 341 2549 Caesare
365 2485 495 2546 demum
518 2483 597 2544 haec
620 2487 737 2566 scripta
768 2508 841 2549 esse.
897 2493 1025 2555 Hauer-

58 2588 198 2667 eampius
232 2586 275 2644 ita
302 2582 516 2645 voluminosus
540 2583 634 2653 etiam
665 2580 717 2643 hic
740 2597 822 2645 totus
848 2585 915 2649 fere
938 2590 1023 2661 silet.

57 2680 121 2742 Sed
140 2683 174 2741 id
198 2701 286 2742 more
309 2699 365 2739 suo
388 2677 473 2747 facit,
499 2692 533 2737 vt
553 2699 630 2749 eum
652 2676 795 2740 Sallustio
819 2682 941 2765 loquar.
1017 2750 1022 2771 ‚

116 2799 147 2858 p
166 2799 211 2859 19·
237 2777 321 2835 Cum
340 2795 378 2835 eo
399 2794 433 2833 se
452 2772 613 2835 consulem
635 2806 675 2824 ··-
717 2778 765 2837 lta
787 2795 896 2840 contra
918 2781 1021 2853 Cortii

56 2876 192 2934 maxime
216 2887 415 2949 contortum,
434 2888 470 2929 eo
494 2871 666 2940 consulem,
690 2888 763 2934 vett.
786 2873 939 2937 librorum
965 2899 1032 2941 au.

55 2972 230 3032 ctoritatem
252 2985 376 3030 secutus
397 2986 476 3026 sum.
518 2966 683 3049 Vterque
705 2971 902 3032 consulatum
928 2992 1019 3055 pete·

54 3066 125 3138 bat;
149 3069 214 3148 ipse
234 3068 341 3149 itaque
358 3062 604 3125 consuleremus
623 3085 697 3123 eum
713 3087 752 3126 eo
772 3068 899 3129 consule
912 3091 1020 3155 aeque

55 3178 162 3223 creato
181 3184 249 3224 rem
268 3156 399 3244 adgredi
414 3158 545 3221 volebat.
575 3156 614 3219 cf.
640 3164 769 3223 miscell.
789 3163 910 3241 obsera,
938 3168 1022 3237 tot,

51 3273 125 3318 ante
148 3262 242 3329 citato
262 3281 294 3340 p.
319 3255 388 3319 505.
422 3255 476 3319 vbi
498 3254 564 3316 aliis
588 3257 629 3317 de
653 3259 764 3319 caussis
787 3258 882 3325 lectio
906 3279 1013 3330 nostra

52 3352 242 3415 defenditur.
1016 3424 1021 3445 ,

108 3471 140 3531 p.
156 3471 204 3511 20.
234 3449 296 3510 Sed
318 3451 352 3509 ιιι
376 3469 414 3510 ea
439 3451 658 3511 conuentione.
696 3448 885 3517 Restitutum
910 3457 973 3525 hoe
991 3481 1022 3535 a,

50 3544 160 3608 Cortio
181 3568 218 3607 ex
237 3546 324 3606 MSS.
342 3567 380 3606 ex
397 3546 499 3626 prisco
517 3565 583 3618 vsu,
609 3567 668 3629 pro
687 3538 808 3632 vulgari
819 3570 1021 3641 conuentus&

47 3642 104 3705 s'ed
127 3644 214 3706 idem
236 3641 419 3729 significans,
444 3644 569 3705 retinui.
619 3643 690 3743 Nisi
710 3649 930 3713 contradicere
955 3671 1017 3733 va,

27 3736 168 3775 ,,,.
