2258 3998
308 123 766 193 CATILINARIA.
990 127 1012 194 5

61 283 143 351 cilia
166 282 261 349 factu
274 297 388 372 putat,
412 305 525 374 aequo
535 288 654 348 animo
670 289 799 374 accipit
807 309 817 364 3
842 307 1009 375 supraea,

61 387 171 458 veluti
190 388 284 468 ficta,
306 412 372 480 pro
389 388 481 454 falsis
498 388 606 454 ducit.
656 389 725 455 Sed
743 413 807 480 ego
820 389 1012 456 adolescen-

22 489 25 501 ’
60 492 170 574 tulus,
205 500 310 561 sicuti
334 493 505 585 plerique,
545 493 661 560 studio
687 495 730 561 ad
758 494 1012 584 rempublicam

60 598 151 666 latus
182 623 284 679 sum,
321 600 439 690 ibique
459 601 553 666 mihi
586 599 731 666 aduersa
761 598 873 666 multa
898 601 1006 667 fuere.

60 706 154 773 Nam
173 729 239 796 pro
256 705 402 796 pudore,
434 729 499 795 pro
523 705 743 784 abstinentia,
770 729 835 794 pro
862 712 1008 786 virtute,

59 810 216 891 audacia,
243 810 393 900 largitio,
420 817 564 877 auaritia
589 811 757 901 vigebant.
808 813 907 899 Quae
929 828 1013 877 tam.

59 923 126 983 etsi
144 922 281 981 animus
304 915 564 1007 aspernabatur,
595 914 746 982 insolens
772 910 943 982 malarum
965 941 1011 982 ar·

59 1010 171 1099 tium,
211 1036 328 1086 tamen
354 1027 447 1087 inter
476 1038 571 1086 tanta
604 1028 688 1088 vitia
719 1020 895 1087 imbecilla
918 1038 1011 1087 aetas

59 1125 252 1218 ambitione
279 1142 444 1217 corrupta
471 1127 675 1194 tenebatur:
705 1150 836 1205 acme,
861 1150 943 1194 eum
967 1125 1010 1191 ab

58 1230 278 1322 reliquorum
305 1230 405 1298 malis
436 1233 591 1299 moribus
618 1233 859 1311 dissentirem,
899 1231 1011 1298 nihilo

14 1408 20 1417 ¹
57 1342 176 1403 minua
210 1336 351 1403 honoris
378 1336 526 1428 cupido,
563 1337 704 1418 eadem,
746 1358 833 1428 quae
863 1355 1008 1416 ceteros,

56 1441 151 1510 lama
163 1458 268 1530 atque
284 1441 418 1507 inuidia
436 1442 586 1509 vexabat.

25 1598 32 1611 ,
123 1548 236 1635 Igitur
260 1546 317 1612 vbi
344 1553 480 1612 animus
509 1570 550 1612 ex
579 1546 698 1612 multis
730 1552 881 1641 miseriis
904 1564 1010 1636 atque

56 1649 222 1745 perieulis
240 1657 427 1741 requieuit,
452 1669 489 1718 et
511 1653 601 1719 mihi
619 1650 791 1743 reliquam
812 1668 964 1718 aetatem
989 1674 1009 1716 a

56 1755 238 1849 republica
261 1755 385 1847 procul
406 1757 599 1824 habendam
629 1757 793 1837 decreui3
842 1781 913 1823 non
941 1757 1010 1823 fuit
1089 1838 1093 1849 ἱ

56 1862 254 1932 consilium·
272 1862 428 1928 secordia
454 1879 561 1953 etque
585 1863 715 1930 desidia
739 1863 873 1931 bonum
897 1869 1031 1929 otium,

56 1985 258 2036 conterere:
292 1991 406 2058 neque
424 1991 506 2034 vero
527 1990 650 2057 agrum
677 1969 843 2058 colendo,
868 1985 930 2034 aut
951 1991 1008 2033 ve-

56 2073 190 2152 nando,
230 2071 414 2138 seruilibus
452 2070 577 2139 officiis
616 2080 812 2153 intentum,
858 2089 1008 2138 aetatem

55 2201 180 2270 agere,
206 2177 266 2244 sed
281 2201 300 2242 a
315 2201 384 2270 quo
399 2184 542 2269 incepto
557 2179 672 2245 studio
686 2180 903 2261 meambitio
918 2176 1007 2243 mala

12 2307 14 2314 ⁸
56 2284 272 2361 detinuerat,
313 2283 437 2350 eodem
467 2302 652 2373 regressus,
681 2290 789 2350 statui
815 2307 870 2350 res
899 2299 1007 2372 gestas

54 2387 182 2482 populi
211 2389 361 2454 Romani
389 2395 555 2479 carptim,
595 2405 633 2454 vt
657 2412 815 2480 quaeque
839 2393 1007 2454 memoria

55 2495 160 2585 digna
182 2493 401 2572 videbantur,
428 2493 662 2584 perscribere:
701 2519 743 2561 eo
768 2501 888 2585 magis,
913 2491 1007 2583 quod

54 2602 145 2668 mihi
165 2623 186 2666 a
202 2623 277 2690 spe,
307 2617 417 2677 metu,
450 2600 606 2689 partibus
632 2599 845 2691 reipublicae
870 2606 1006 2664 animus
1072 2598 1075 2605 '

54 2704 146 2772 liber
177 2722 262 2771 erat.
297 2706 446 2793 ‘igitur
473 2704 516 2771 de
551 2705 723 2770 Catilinae
750 2710 1004 2780 coniuratione,

53 2833 163 2903 quarn
183 2816 373 2877 verissume
392 2825 528 2899 potero,
558 2816 677 2899 paucis
701 2810 889 2876 absoluam.
925 2828 1006 2873 nam

54 2916 90 2982 id
116 2915 250 2982 facinus
267 2921 305 2980 in
325 2921 454 3005 ¹primis
480 2937 544 3004 ego
568 2914 795 2982 memorabile
821 2921 1003 2990 existumo,

53 3019 194 3089 sceleris
209 3037 327 3117 ⁴atque
355 3020 502 3113 periculi
527 3027 694 3087 nouitate.
745 3023 798 3088 De
820 3026 918 3087 cuius
943 3019 1006 3083 ho·

54 3132 159 3193 minis
201 3125 357 3193 moribus
390 3148 501 3215 pauca
534 3133 645 3216 prius
663 3125 876 3219 explananda
909 3139 1003 3204 sunt,

53 3254 162 3324 quam
182 3237 326 3298 initium
347 3229 511 3298 narrandi
537 3229 671 3300 faciam.

429 3528 629 3543 m
