2258 3998
107 110 176 202 1198
307 102 310 107 ’
432 94 749 207 exutum
820 148 823 155 ·

124 286 134 321 -·
165 290 198 352 Ρ.
219 290 266 330 1².
290 269 390 330 merie
407 260 608 333 comentem:
633 265 697 339 elii,
719 280 903 337 eomtraea,
930 256 1073 348 t‘nrplit'te'

108 365 162 427 alii
179 380 355 426 eontracta.
391 365 541 427 ·Sed·hoc
568 365 941 446 esser·=nimis·p0uicum
964 384 1072 447 neque

109 464 178 544 ipse
199 463 348 524 Horatius
373 461 618 542 ita'eimpliciter
636 448 804 523 eoncmem·
824 472 982 544 aequora.
993 463 1074 523 dixit

110 559 206 639 (Ode
221 559 282 619 111.
308 564 347 641 ι)
364 579 478 621 rerum
495 558 621 620 additos
645 558 734 618 iactis
753 559 787 617 in
804 556 903 617 ultum
921 559 1073 620 molibus.

110 656 205 725 Idem
226 655 295 717 fere
314 644 397 717 valet
414 658 455 717 de
477 662 660 735 constrato:
685 670 727 715 ¹et
748 657 920 715 Iurcenalis
943 657 1072 736 (quern,

111 755 357 834 quantumocio,
383 753 488 813 nullus
503 757 571 816 intt.
594 752 743 813 hactenus
758 752 800 811 ed
818 750 850 812 h.
872 751 894 812 l:
921 752 1073 830 contulit)

111 848 153 908 de
178 847 304 920 fabule,
331 851 458 909 Xerxen
479 850 585 909 Asiam
614 864 647 908 et
661 850 826 929 ¹Europum
853 850 989 910 iunxisse
1016 870 1074 910 nu·

111 946 200 1006 vium
221 945 386 1027 pontibus,
408 945 551 1029 loquens,
575 945 834 1005 addit-elassibus
853 980 894 995 -

234 1076 269 1090 -
307 1075 345 1089 —-
385 1055 574 1104 constratum
592 1040 738 1100 classibus
762 1042 870 1102 isdem.

112 1140 152 1200 X.
180 1139 245 1222 175.
278 1139 391 1222 Itaque
406 1140 500 1223 prius
524 1140 668 1198 omnino·
675 1140 877 1198 retinendum
904 1154 951 1200 est
977 1141 1073 1199 etiam

113 1238 297 1320 obsequens
309 1259 340 1317 p.
360 1235 403 1296 18
412 1249 583 1293 exstruere.
605 1234 689 1293 Nem
703 1248 737 1293 vt
749 1233 801 1293 h1o
819 1235 972 1295 subuertit
981 1256 1074 1296 mon-

112 1335 195 1395 tibus
216 1335 347 1416 adponit
364 1338 453 1392 mare
474 1344 710 1421 constructunt,
712 1330 775 1389 ita
794 1330 840 1390 ibi
862 1333 1075 1414 coaequandit

113 1431 283 1501 montibus,
312 1414 535 1490 exstruendum
559 1448 656 1488 mare.
706 1424 828 1506 Quoad
847 1448 916 1487 rem
936 1426 977 1487 ef.
1000 1427 1070 1487 val.

114 1529 200 1589 Mox.
225 1528 267 1588 II.
289 1528 329 1588 53
350 1528 391 1588 de
398 1522 484 1585 luxu
495 1524 630 1585 Luculli.
675 1523 826 1585 Ceterum
845 1538 1009 1633 constrato
1029 1540 1075 1586 et·

115 1628 180 1687 iam
198 1645 271 1684 mea
289 1625 386 1683 editio
407 1622 566 1723 antiquior
585 1621 690 1682 habet.
888 1632 891 1639 '

174 1740 205 1802 p.
223 1719 268 1779 15.
294 1741 323 1779 c
336 1719 424 1778 XIV
445 1718 486 1777 de
500 1714 568 1798 qua'
581 1736 622 1776 so.
649 1718 878 1787 coniuratione,
903 1718 1003 1779 verbo
1019 1717 1076 1779 ab·

115 1816 282 1877 strahendo
304 1814 344 1875 ob
370 1812 593 1882 antecedente,
625 1815 849 1885 coniureuere,
875 1815 1076 1896 quod=bene

114 1913 247 1972 latinum
266 1925 320 1970 est.
363 1909 443 1969 lnde
459 1923 597 1968 extremo
611 1912 643 1990 p.
666 1910 775 1971 rude
793 1931 895 1991 super.
917 1894 1071 1972 coniuret.

117 2011 186 2071 satis
210 2009 338 2068 dictum.
403 2007 561 2088 Scriptum
584 2008 706 2066 eratin
734 2007 820 2067 libris
840 2028 899 2088 per
925 2018 1076 2089 corripen-

117 2108 206 2167 'dium
224 2108 255 2184 q.
285 2103 373 2188 quod
394 2103 510 2164 deinde
530 2122 608 2163 vnus
629 2104 664 2160 in
675 2104 856 2186 ⁵·'que‘ulius
879 2107 913 2163 in
929 2122 998 2187 quo
1024 2123 1075 2164 re-

115 2201 266 2264 toluebat

121 2320 136 2349 -2
173 2333 212 2349 --
235 2332 276 2346 -
299 2320 327 2359 o.
351 2297 419 2356 XV.
445 2299 600 2376 infestum
622 2298 798 2356 inimicum.
834 2298 1075 2377 Scriptiomnet

115 2394 248 2457 verbum
267 2410 437 2475 vtrumque
457 2393 612 2463 exhibent,
635 2407 669 2453 vt
684 2395 792 2477 itaque
807 2392 993 2453 alterutrum
1008 2414 1075 2455 non

116 2509 236 2554 temere
260 2502 335 2552 oum
358 2490 546 2574 quibusdem
571 2491 802 2551 extrudendum
830 2493 876 2550 sit.
934 2492 1076 2571 Interpo-

116 2605 199 2650 nunt
218 2604 324 2649 tumen
352 2588 484 2670 quidam
502 2586 576 2647 libri
602 2600 647 2657 et,
682 2586 735 2652 alii
764 2588 940 2671 adiungunt
963 2587 1075 2648 vltimo

115 2707 199 2770 que;
219 2685 302 2746 vnde
317 2704 392 2746 mox
406 2700 535 2766 apparet
547 2698 695 2744 neutrum
712 2682 846 2744 Sallustii
860 2706 934 2754 esse,
957 2700 989 2744 et
1007 2692 1077 2744 nos·

115 2798 197 2843 tram
225 2782 394 2843 lectionem
413 2801 530 2841 veram.
583 2780 726 2842 Contulit
749 2784 812 2840 iem
838 2781 961 2843 Curtius
976 2781 1076 2840 'Linil

114 2880 247 2960 insertos
268 2880 372 2938 hostes
391 2862 557 2940 XXXVII.
586 2878 635 2939 32.
665 2901 725 2961 pro
749 2900 814 2960 quo
836 2879 910 2938 alibi
932 2876 990 2955 (Il.
1017 2880 1075 2958 ni)

115 2978 196 3038 dixit
216 2978 364 3057 infimus
394 2973 503 3034 tostis.
561 2976 658 3036 Nunc
684 2976 814 3059 quidem
840 2974 1005 3034 fatendum
1030 2964 1076 3035 etl

116 3073 239 3133 hostem
251 3074 355 3155 potius
363 3073 430 3131 tine
445 3070 618 3155 tautologia
631 3072 863 3135 infestum··dici
875 3088 963 3152 posse
976 3064 1076 3152 quum

112 3172 289 3241 inimicum,
309 3190 382 3230 cum
398 3168 452 3229 ille
465 3188 530 3230 non
547 3168 762 3230 moxinfestu!
777 3165 978 3253 intelligatur,
996 3168 1075 3250 φιιὲ

113 3264 204 3328 tenus
226 3282 346 3328 tantum
376 3262 446 3326 sua*
462 3264 622 3338 defendit,
653 3280 707 3326 eut
728 3258 868 3327 alterurii‘
883 3274 928 3324 'ex'
947 3266 1076 3347 'retione

113 3379 217 3434 status,
242 3368 286 3425 vti
305 3365 490 3448 loquuntur,
516 3363 716 3446 adgreditur:
744 3374 854 3424 contre
877 3382 953 3422 vem
970 3358 1075 3421 inimi·-

114 3474 170 3519 eus'
189 3482 313 3541 semper
332 3477 366 3521 vt
385 3460 524 3519 infensus
542 3474 597 3518 eut
613 3460 748 3520 infestus·
762 3448 948 3542 'cogitendus
966 3450 1020 3529 sil,
1042 3474 1076 3519 et

113 3555 194 3615 nihil
216 3558 316 3641 egerit
343 3556 469 3617 Cottius
498 3556 653 3626 dicendo,
689 3576 764 3633 enrn
788 3556 954 3619 inimicum
980 3556 1076 3615 maxi·

110 3671 203 3713 mum
225 3673 309 3727 esse,
340 3655 403 3736 qui
424 3653 564 3720 alterum
592 3651 667 3716 odio
686 3650 820 3721 dabat·
880 3651 979 3737 Quasi
1005 3672 1075 3717 nort
