2258 3998
103 121 168 208 104
424 70 730 215 sanauit
807 204 810 209 ⁸

358 326 364 335 ,
407 273 484 341 ΟΛ
496 274 538 341 Ρ.
590 271 753 340 XLIII.

167 378 252 446 Erat
276 377 370 445 haud
397 375 500 471 longe
526 378 569 446 ab
595 401 638 446 eo
666 384 805 461 itinere,
833 401 904 473 quo
928 377 1059 449 Metel·

101 485 158 553 lus
186 483 372 577 pergebat,
416 484 587 578 oppidum
614 484 868 566 Numidarum,
913 493 1059 555 nomine

102 593 213 683 Vaga,
242 591 360 657 forum
381 614 502 658 rerum
525 588 700 660 venalium
725 597 833 661 totius
847 599 958 683 regni
984 614 1060 659 ma·

102 722 207 765 xume
236 694 450 765 celebratum
461 723 472 777 ;
502 696 560 765 vbi
585 712 622 765 et
648 695 818 777 incolere,
847 713 885 767 et
910 704 1061 772 mercari

103 812 360 873 consueuerant
374 801 487 869 Italici
503 809 639 893 generis
655 802 761 871 multi
775 803 947 871 mortales.
977 805 1061 875 Huo

104 909 249 991 Consul,
278 907 385 974 simul
416 908 575 976 tentandi
604 916 725 1000 gratia,
753 915 784 977 si
809 926 973 1001 paterent
997 933 1061 1000 op·

23 1005 27 1023 '
104 1021 339 1106 portunitates
358 1013 440 1096 loci,
462 1013 677 1105 praesidium
695 1021 865 1106 imposuit
872 1040 898 1093 ς-1
909 1030 1062 1107 praeter·

106 1145 148 1188 ea
181 1125 372 1211 imperauit
399 1119 638 1198 frumentum,
668 1137 706 1187 et
733 1118 820 1200 alia,
853 1143 943 1211 quae
965 1116 1064 1187 bello

106 1232 184 1295 veui
213 1224 348 1303 forent:
387 1241 481 1291 ratus
505 1225 559 1306 id,
587 1224 680 1317 quod
706 1249 762 1291 res
789 1225 966 1305 monebat,
993 1224 1065 1290 fre·

107 1336 292 1421 quentiam
323 1336 587 1419 negotiatorum
612 1348 649 1425 et
680 1346 917 1397 commeatum
946 1335 1066 1414 (iuua-

107 1450 232 1501 turum
260 1439 470 1518 exercitum)
511 1442 621 1503 etiam
651 1442 780 1527 paratis
811 1433 915 1505 rebus
949 1439 1066 1501 muni·

7 1590 11 1597 .
107 1556 232 1607 mento
259 1537 344 1605 fore.
395 1539 503 1605 >Inter
529 1541 617 1609 haec
642 1546 786 1629 negotia
806 1537 977 1630 iugurtha
999 1543 1067 1605 im·

108 1650 251 1735 pensius
273 1640 380 1709 modo
404 1641 536 1734 legatos
557 1643 733 1735 supplices
759 1651 913 1723 mittere,
943 1666 1075 1734 paoem

110 1772 210 1823 orare
220 1773 229 1827 ;
254 1763 393 1839 praeter
409 1773 507 1823 susm
526 1749 788 1841 liberorumque
805 1756 925 1829 ritem,
950 1753 1069 1815 omnia

110 1851 262 1923 Metello
287 1852 425 1921 dedere.
474 1857 572 1943 Quos
595 1862 694 1936 item,
721 1863 771 1923 vti
796 1862 947 1947 priores,
974 1853 1069 1922 Cou-

111 1957 169 2027 sul
194 1955 329 2025 illectos
354 1960 398 2025 ad
419 1959 657 2050 proditionem
682 1947 828 2027 domum
849 1957 1068 2039 dimittebata

113 2069 190 2152 regi
216 2087 356 2153 pacem,
385 2087 492 2155 quam
515 2064 732 2154 postulabat,
761 2088 875 2157 neque
901 2064 1068 2145 abnuere,

114 2191 231 2258 neque
261 2169 440 2259 polliceri,
480 2184 517 2235 et
546 2177 641 2239 inter
672 2158 737 2241 eas¹
758 2195 873 2241 moras
900 2175 1074 2263 promisse

115 2272 314 2366 legatorum
339 2291 551 2367 exspectaret

428 2453 559 2545 οᾼΡ.
606 2443 760 2521 XLJ‘V.

153 2668 156 2673 ,
185 2593 357 2684 Iugurtha
381 2592 439 2659 vbi
459 2592 601 2661 Metelli
627 2594 722 2663 dicta
744 2617 829 2663 cum
853 2594 954 2665 factis
978 2615 1076 2661 com·

119 2705 252 2789 posuit,
282 2722 323 2765 ac
345 2712 382 2764 se
402 2703 473 2765 suis
498 2700 630 2769 artibus
653 2708 784 2769 tentari
807 2698 1074 2778 animaduortit3

120 2811 255 2894 quippe
281 2808 340 2870 cui
364 2803 477 2883 verbis
501 2829 569 2896 pax
592 2806 835 2887 nunciabatur,
862 2822 1020 2873 ceterum
1037 2825 1078 2869 re

123 2905 258 2975 bellum
285 2932 530 2998 asperrumum
559 2930 655 2993 erat3
699 2912 780 2981 vrbs
806 2934 968 2979 maxuma
993 2907 1078 2975 alie·

122 3030 216 3094 nata,
243 3037 325 3105 ager
345 3014 501 3083 hostibus
521 3025 693 3109 cognitus,
719 3024 830 3087 enimi
853 3014 1080 3110 popularium

123 3127 266 3201 tentati,
292 3139 431 3191 coactus
448 3146 569 3193 rerum
586 3125 855 3205 necessitudine,
882 3127 1006 3189 statuit
1025 3142 1080 3186 ar·

125 3233 193 3291 mis
216 3245 362 3295 certare.
418 3231 531 3321 Igitur
553 3228 733 3323 explorato
757 3230 913 3299 hostium
937 3231 1078 3304 itinere,

126 3337 166 3396 in
198 3356 298 3423 spem
333 3340 498 3404 victoriae
532 3337 702 3405 adductus
738 3358 780 3402 ex
815 3337 1082 3425 opportunitate

128 3435 211 3518 loci,
241 3463 324 3533 quas
352 3465 529 3508 maxumas
554 3449 670 3533 copias
698 3455 815 3532 potest
839 3445 1001 3515 omnium
1022 3458 1083 3525 ge-

128 3565 255 3609 nerum
283 3560 393 3634 parat,
425 3569 467 3612 ac
491 3569 555 3637 per
584 3553 742 3613 tramites
768 3542 924 3613 occultos
954 3546 1083 3607 exerci-

130 3663 208 3714 tum
236 3648 374 3716 Metelli
400 3657 592 3719 anteuenit.
641 3653 726 3718 Erat
750 3656 788 3717 in
817 3672 859 3718 ea
881 3653 981 3741 parte
1007 3645 1084 3712 Nu·
