2258 3998
94 126 158 213 tu
247 125 286 177 a.
376 88 899 194 uaeaus1oss2:

89 282 173 354 dam'
184 302 218 344 se
236 280 411 352 eontuliste,
426 280 613 344 'inimicitiae
630 300 705 342 eum
720 280 904 352 Cioerons't.
914 283 945 342 si
955 281 1049 347 buno

88 398 243 462 ponamus
265 378 386 462 aliquot
407 398 509 441 annos
525 395 598 440 ante
624 399 694 461 7¹¹·
722 379 762 438 V.
790 378 827 441 C.
855 379 918 438 vita
941 381 1049 443 decos

87 477 168 538 sisse.
224 476 296 558 Ipsa
323 490 486 557 praeterea
510 475 652 536 Clericus
673 484 762 534 suasu
786 475 917 537 destruit
939 481 1050 539 conia·

88 588 220 642 cruram,
245 570 376 654 qnando
393 573 498 633 addit.
519 574 640 654 scripta
661 572 720 631 illa
743 590 809 629 non
831 591 896 631 esse
907 572 1050 636 hominu

86 667 306 729 adolescentis.
349 669 432 728 Nam
452 683 606 759 quatenus
622 682 726 728 tamen
740 681 811 728 ante
824 667 945 729 diruat
962 669 1073 731 Eunt

85 777 197 825 natum
220 783 283 825 esse
305 764 365 846 669
389 767 414 824 si
433 766 477 825 ita
499 748 660 826 calculos
655 783 770 845 ponas,
801 782 885 825 anno
908 786 970 846 70²
994 769 1049 827 ιη’-

37 898 41 912 »
87 865 240 923 cesimum
255 863 399 920 tertium
404 862 486 921 vitae
508 858 574 922 uon
596 859 732 921 multum
754 877 934 941 superasset.
960 861 1041 943 4)

146 958 258 1039 Itaque
278 956 347 1039 Ego
365 958 517 1029 existimo,
539 972 706 1037 mamque
725 958 958 1017 enarrationem
972 958 1049 1019 scri·

86 1064 173 1134 ptam
198 1073 262 1114 esse
283 1067 354 1135 post
376 1069 511 1115 mortem
542 1054 569 1114 1.
595 1052 753 1121 Caesaris,
788 1054 856 1112 siue
878 1069 949 1135 poet
969 1054 1047 1117 Idus

86 1149 244 1209 Martiis.
265 1148 304 1210 V.
330 1148 368 1210 C.
393 1168 463 1231 710.
513 1148 554 1210 Id
577 1149 618 1208 de
643 1147 808 1209 Catilina
799 1168 864 1230 rpse
886 1149 1047 1212 Sallustius

86 1260 193 1326 aperte
217 1245 352 1316 indicat,
388 1245 490 1327 ⁴⁴⁶)
480 1265 516 1305 ιιι
545 1246 778 1327 comparatione
801 1245 941 1325 Caesaris
969 1261 1046 1309 curn

7 1375 10 1378 -
84 1338 207 1435 Catone
223 1375 270 1390 --
282 1345 442 1405 Mamorr'u
461 1361 535 1402 mea
554 1372 599 1387 -
616 1375 661 1386 —
678 1340 796 1401 diuersi
813 1320 953 1402 moribus
974 1341 1046 1411 fue·

85 1459 121 1500 re
139 1440 209 1499 Viri
232 1439 297 1501 duo
316 1437 363 1497 M.
387 1438 467 1499 Cato
491 1452 523 1499 et
545 1437 582 1499 C
602 1438 743 1507 Caesar,
736 1457 814 1518 qua
829 1437 974 1519 profecto
993 1440 1045 1500 di·

85 1537 180 1596 cendi
202 1539 341 1606 ratione,
372 1532 506 1597 Caesare
526 1532 631 1596 adhuc
653 1549 721 1594 turn
741 1535 884 1606 sinente,
912 1537 1045 1597 minime

85 1634 130 1694 vti
151 1634 307 1712 potuisset.
353 1630 437 1690 Cum
451 1632 558 1712 itaque
570 1644 709 1700 oonstet,
734 1630 882 1710 scriptum
903 1651 966 1692 esse
984 1632 1044 1692 Ca-

85 1729 205 1789 tilinam
227 1741 300 1787 aute
321 1726 508 1808 Iugurtham
528 1728 562 1785 in
586 1746 689 1809 eoque
710 1746 776 1787 non
791 1728 889 1789 modo
912 1748 1045 1800 consen·

83 1827 162 1885 siant
180 1823 251 1885 VV.
276 1820 348 1882 DD.
371 1836 493 1882 verum*
507 1822 746 1906 quoqueidem
766 1839 897 1907 cogatur
919 1845 959 1885 ax
977 1824 1044 1888 line

83 1921 239 2003 prooemii
260 1915 385 1978 -sed
404 1937 513 2000 aquo
535 1919 659 2002 incepto
680 1946 725 1965 -
748 1925 852 1980 statui
870 1941 920 1980 res
935 1928 1043 2001 gestas

80 2018 197 2102 populi
224 2016 433 2078 Romani..
430 2016 610 2098 carptim
639 2014 853 2096 perscribere.
888 2022 1040 2102 sequiturt

82 2134 185 2196 aeque
206 2112 301 2173 buius
323 2111 535 2174 emotionem
558 2113 720 2174 mortel.
733 2111 873 2174 Caesaris
891 2117 1042 2196 posterio-

82 2232 153 2273 rem
177 2210 281 2272 fuisse.

143 2303 627 2375 Hisadd0,v1d0nsattust1um
644 2303 725 2366 adeo
746 2303 866 2388 aliquot
883 2325 1040 2369 annorum

84 2425 206 2466 moram
227 2405 309 2463 inter
331 2404 442 2511 prioris
465 2417 497 2460 et
517 2402 695 2482 posterioris
722 2404 906 2463 amotionis
929 2405 1040 2465 editio·

82 2522 158 2561 uem
173 2496 400 2578 interposuisse,
424 2494 520 2577 idque
533 2499 601 2557 satis
617 2496 777 2557 declarare
794 2499 933 2580 quando,
956 2514 1040 2580 post·

82 2617 217 2676 eaquaru
237 2595 271 2653 in
289 2593 419 2653 exordio
436 2591 510 2672 Ψ)
533 2594 668 2652 dixerat:
693 2597 820 2656 Verum
837 2614 879 2655 en
896 2595 947 2654 Ιιίι
968 2614 1039 2654 ma·

80 2686 234 2772 gistra'tus
257 2722 303 2736 -
328 2721 370 2731 ·-
393 2716 452 2737 ....
472 2690 605 2748 minime
640 2689 733 2748 milti
757 2691 823 2752 Irae
851 2705 1039 2774 tempestas

80 2784 249 2870 capiunda
273 2785 496 2847 ur'dentur—
524 2785 672 2846 aduersus
696 2806 764 2858 eos,
801 2789 857 2869 qui
880 2802 1037 2848 secretum

83 2885 150 2944 eius
185 2882 321 2943 desidiae
355 2897 450 2966 atque
480 2883 624 2966 ignauiae
655 2882 850 2956 tribuebant,
886 2884 920 2944 in
949 2883 1037 2945 hune

120 3081 148 3149 1θ)
171 3078 304 3152 Adeoque
325 3097 425 3143 annus,
448 3099 502 3153 quo
523 3077 688 3136 tribunitium
709 3094 869 3156 potestatem
887 3098 1034 3158 receperat,

150 3189 208 3225 non
233 3172 263 3222 in
287 3187 390 3222 annum
410 3171 502 3222 aetatis
529 3171 586 3223 eius
610 3168 683 3223 XLI.
708 3168 861 3235 incidisset,
894 3186 926 3224 vt
945 3171 1035 3225 verbis

151 3258 280 3331 expressis
304 3255 423 3309 Clericus
445 3255 572 3310 affirmat.
616 3255 679 3321 Sed,
701 3257 755 3311 bos
776 3257 872 3313 ealculi
892 3277 981 3313 errore
992 3277 1034 3312 se·

151 3344 207 3397 mel
228 3343 358 3406 admisso,
391 3345 490 3397 mirum
512 3363 568 3397 non
589 3346 625 3398 sit
645 3345 680 3399 V.
705 3344 743 3397 D.
768 3343 921 3410 Catilinam,
953 3344 1034 3408 linito

150 3432 303 3487 Tribunatu
322 3432 462 3504 scriptum.
486 3429 561 3487 virile
575 3444 667 3487 tamen
687 3434 781 3489 aetatis
801 3451 869 3508 opus
890 3431 1030 3490 iudicasse.

115 3550 159 3615 fl)
179 3571 205 3626 p.
231 3551 312 3604 buius
334 3549 459 3605 editiorfis
480 3558 524 3621 49.
550 3551 595 3607 ⁵0.

113 3670 533 3749 wumuffimt
