2258 3998
94 212 97 220 ,
267 86 796 195 'oarrmnaara
942 151 1066 225 ‘75

80 284 136 350 his
149 271 363 375 Aborigenes
380 307 488 376 genus
509 283 695 351 hominum
719 300 866 375 agreste,
894 289 968 351 sine
987 282 1032 350 le·

79 376 193 479 gibus,
218 397 293 456 sine
309 396 472 480 imperio,
501 388 651 456 liberum
665 406 769 481 atque
783 388 948 456 solutum.
982 390 1032 466 Hi

79 512 267 587 postquam
286 502 323 560 in
344 518 411 562 vna
430 501 571 562 moenia
591 518 800 576 conuenere,
832 496 960 586 dispari
980 518 1033 586 ge·

79 624 178 680 uere,
211 599 371 666 dissimili
385 598 514 688 lingua,
547 599 633 665 alius
652 598 722 667 alio
741 607 1027 669 moreviuentes:
1106 608 1110 619 '

81 702 287 772 incredibile
302 722 499 770 memoratu
513 723 577 785 est,
591 728 696 796 quam
709 705 809 772 facile
824 703 1026 771 coaluerint.

55 824 58 832 ’
81 809 151 877 Sed
167 826 354 901 postquam
371 833 424 876 res
442 834 565 877 eorum
582 811 729 890 ciuibus,
754 812 921 889 moribus,
944 815 1032 898 agris

69 932 201 995 aucta,
230 922 311 981 satis
329 939 494 1006 prospera
513 922 662 1007 satisque
677 916 812 1008 pollens
831 915 1031 992 videbatur;

81 1028 188 1088 sicuti
206 1020 370 1112 pleraque
390 1020 591 1087 mortalium
613 1005 785 1088 habentur
797 1071 807 1102 ,
818 1052 822 1065 ·
835 1022 967 1088 inuidia
994 1042 1035 1085 ex

83 1125 265 1217 opulentia
283 1143 360 1192 orta
383 1144 446 1193 est.
496 1130 607 1217 Igitur
630 1151 727 1218 reges
746 1126 939 1218 populique
962 1124 1035 1190 fini·

82 1237 176 1299 tumi
192 1229 284 1297 bello
298 1248 451 1313 tentare,
477 1239 580 1321 pauci
602 1236 644 1299 er
663 1240 784 1299 amicis
804 1232 932 1300 auxilio
948 1254 1029 1297 esse.

83 1361 167 1403 narn
179 1343 289 1403 ceteri
302 1353 400 1402 metu
413 1343 568 1426 percussi
588 1361 609 1404 a
625 1337 790 1428 periculis
803 1338 955 1403 aberant.
987 1335 1036 1402 At

55 1493 59 1501 .
83 1443 235 1530 Romani
247 1440 345 1507 domi
359 1439 575 1530 militiaeque
594 1449 723 1508 intenti
741 1444 917 1522 festinare,
944 1465 1037 1532 para·

84 1570 137 1627 re,
177 1545 265 1612 alius
288 1544 398 1612 alium
426 1545 574 1627 hortari,
617 1547 773 1614 hostibus
803 1549 943 1614 obuiam
971 1554 1035 1625 ire,

86 1651 304 1730 libertatem,
330 1656 480 1741 patriam
510 1668 740 1743 parentesque
770 1659 875 1718 armis
904 1669 1032 1742 tegere.

85 1774 179 1850 post,
208 1757 267 1824 vbi
282 1755 436 1847 pericula
453 1763 583 1823 virtute
596 1757 837 1849 propulerant,
870 1764 972 1823 sociis
987 1772 1038 1821 at·

86 1886 156 1956 que
177 1868 296 1929 amicis
318 1861 444 1928 auxilia
465 1862 664 1951 portabant:
699 1871 876 1952 magisque
902 1861 1036 1940 dandis,

86 1991 195 2060 quam
219 1968 432 2057 accipiundis
459 1965 636 2032 beneficiis
662 1975 831 2035 amicitias
856 1967 1033 2059 parabant.
1092 2050 1096 2059 1

86 2077 283 2165 Imperium
308 2073 528 2162 legitimum,
569 2096 700 2138 nomen
729 2080 870 2164 imperii
901 2079 1039 2163 regium

88 2179 271 2255 habebant.
318 2177 471 2258 Deleeti,
513 2178 636 2267 quibus
663 2203 788 2268 corpus
818 2186 917 2245 annis
943 2177 1039 2244 infir-

86 2309 201 2366 mum,
215 2290 410 2372 ingenium
427 2288 597 2374 sapientia
619 2282 784 2363 validum,
813 2282 1039 2374 Reipublicae

88 2388 350 2469 consultabant3
380 2391 418 2454 hi
434 2384 489 2455 vel
506 2404 630 2468 aetate,
657 2387 712 2457 vel
727 2412 828 2453 curae
843 2387 1040 2454 similitudi-

88 2521 135 2563 ne
162 2519 312 2561 narnas
343 2494 616 2585 appellabantur.
679 2496 784 2572 Post,
812 2493 870 2560 vbi
902 2501 1039 2583 regium
1079 2580 1081 2586 s

88 2608 300 2693 imperium,
333 2601 426 2690 quod
450 2606 553 2664 initio
574 2599 828 2666 conseruandae
854 2597 1045 2678 libertatis,.

88 2725 194 2798 atque
206 2702 382 2795 augendae
396 2704 608 2795 reipublicae
625 2706 750 2784 fuerat,
780 2711 818 2769 in
839 2704 1039 2795 superbiam

88 2813 437 2900 dominationemque
466 2818 641 2883 conuertit
654 2838 663 2890 ;
708 2817 895 2875 immutato
928 2832 1037 2887 more,

88 2940 206 2983 annua
233 2922 398 3006 imperia,
430 2915 528 2981 binos
558 2923 784 3006 imperatores
814 2915 882 2982 sibi
911 2914 1034 2981 fecere.
1066 3000 1069 3005 ι

90 3020 258 3103 eomodo
279 3028 438 3086 minume
458 3045 557 3111 posse
579 3022 746 3111 putabant
771 3046 836 3113 per
861 3020 1040 3088 licentiam

91 3125 301 3194 insolescere
317 3134 476 3192 animum
490 3127 693 3194 humanum.

421 3303 560 3372 OAP.
606 3305 706 3369 ΙΙΙ.

155 3443 227 3511 Sed
244 3466 285 3510 ea
302 3458 510 3532 tempestate
525 3465 671 3532 coepere
690 3449 886 3532 aequisque
904 3430 1042 3508 extolle-

51 3634 54 3639 ·
89 3568 142 3630 re,
164 3557 344 3640 magisque
365 3542 546 3636 ingenium
562 3553 599 3612 in
613 3564 757 3637 promtu
777 3547 914 3614 habere.
948 3548 1043 3614 Nam

88 3653 231 3746 regibus
247 3654 331 3723 boni
348 3677 453 3747 quarn
473 3651 559 3720 mali
581 3659 818 3745 suspectiores
832 3670 932 3734 sunt,
957 3672 1051 3718 sem·
