2258 3998
231 209 238 223 ‚
329 117 779 205 cisterna-aia.
870 102 880 115 ’
991 164 1027 209 n

80 307 188 374 ceret,
214 307 334 359 contra
351 284 486 359 more'm
501 298 700 376 maiorum-²
717 292 890 366 luxuriose
910 304 1032 366 nimis·

76 421 150 488 ¹que
176 394 366 464 liberaliter
383 398 568 477 habuerat3
593 398 669 466 loca
687 394 853 490 amoena,
873 402 1032 494 volupta-

81 510 134 568 ria
158 501 260 568 facile
287 511 323 568 in
347 510 419 568 otio
438 503 561 571 ferocis
580 504 736 572 militum
763 515 895 575 animos
922 509 1032 576 molli·

82 624 212 675 verant.
274 607 325 673 lbi
353 615 508 698 primum
535 616 689 677 insueuit
716 620 884 679 exereitus
909 614 1033 705 populi

82 714 232 780 Romani
259 736 387 794 amare,
425 731 564 802 potare3
602 725 716 806 signa,
747 716 879 786 tabulas
908 727 1030 809 pietas,

82 842 161 886 vasa
178 817 309 885 caelata
327 825 462 897 mirari3
495 843 535 885 ea
560 828 727 911 priuatim
755 846 795 889 ac
815 822 954 914 publice
979 850 1033 892 req

82 948 185 1016 pere3
211 923 355 989 delubra
375 924 542 1014 spoliare3
573 950 665 992 sacra
685 928 895 1019 profanaque
916 937 1035 998 omnia

83 1029 252 1120 polluere.
302 1030 412 1119 Igitur
428 1030 465 1094 hi
481 1031 620 1110 milites,
653 1049 837 1122 postquam
852 1040 1036 1121 victoriam

84 1134 203 1224 adepti
222 1150 320 1214 sunt,
350 1134 438 1200 nihil
460 1135 585 1226 reliqui
605 1143 704 1203 victis
721 1137 843 1204 fecere.
893 1140 1036 1230 Quippe

85 1240 256 1306 secundae
270 1264 323 1306 res
337 1247 546 1330 sapientium
571 1248 703 1307 animos
717 1242 881 1332 fatigant:
912 1266 958 1310 ne
982 1242 1034 1309 illi

87 1352 261 1438 corruptis
281 1346 437 1415 moribus
451 1354 614 1415 victoriae
632 1362 876 1439 temperarent.

396 1613 528 1681 CAP.
571 1610 720 1680 VIII.

154 1766 340 1859 Postquam
368 1766 512 1835 diuitiae
538 1767 664 1834 lionori
692 1792 765 1834 esse
793 1790 963 1859 coepere,
1002 1783 1038 1834 et

89 1893 146 1937 eas
165 1871 286 1960 gloria,
315 1880 516 1965 imperium,
544 1880 702 1965 potentia
722 1874 946 1963 sequebatur:
979 1873 1038 1938 he·

88 1974 229 2044 besoere
249 1983 376 2060 virtus,
414 1995 600 2069 paupertas
627 1979 756 2070 probro
780 1979 916 2056 haberi,
946 1984 1040 2042 inno·

89 2090 205 2148 centia
232 2108 297 2174 pro
317 2082 554 2151 maliuolentia
582 2083 663 2150 duci
684 2091 814 2173 ¹coepit.
836 2085 976 2177 ‘Igitur
1000 2105 1040 2147 ex

90 2185 225 2252 diuitiis
243 2194 466 2254 iuuentutem
492 2189 627 2254 luxuria
645 2206 748 2278 atque
776 2194 932 2266 auaritia,
959 2210 1040 2253 cum

90 2293 252 2382 superbia
271 2300 443 2360 inuaserat
470 2318 604 2383 rapere,
621 2315 841 2370 consumere3
867 2316 927 2358 sua
940 2299 1042 2381 parui

91 2396 261 2489 pendere,
287 2398 399 2465 aliena
426 2423 574 2490 cupere3
610 2400 793 2490 pudorem,
821 2396 1039 2487 pudicitiam,

92 2503 214 2573 diuina
233 2520 337 2595 atque
362 2506 511 2571 humana
529 2513 739 2596 promiscua,
768 2501 858 2568 nihil
871 2509 971 2594 pensi
991 2519 1042 2569 at·

93 2632 162 2700 que
178 2609 348 2675 moderati
363 2610 497 2678 habere.
547 2614 682 2701 Operae
697 2615 853 2698 pretium
868 2624 932 2688 est,
962 2631 1043 2674 cum

93 2714 218 2782 domos
232 2732 336 2805 atque
350 2716 446 2783 villas
467 2723 670 2806 cognoueris
691 2722 728 2779 in
743 2713 879 2781 vrbium
898 2713 1044 2779 modum

95 2818 344 2903 exaedificatas,
369 2829 478 2888 visere
499 2821 630 2910 templa
650 2821 809 2903 deorum,
829 2843 917 2910 quae
936 2825 1044 2885 nostri

94 2934 254 3007 maiores,
280 2926 540 3017 religiosissumi
554 2926 716 2992 mortales
737 2926 860 2991 fecere.
909 2926 1045 2992 Verum

94 3032 148 3099 illi
175 3032 320 3099 delubra
345 3032 492 3100 deorum
517 3041 664 3123 pietate,
698 3031 819 3096 domos
849 3052 910 3095 suo
936 3026 1046 3119 gloria

95 3138 322 3218 decorabant;
346 3160 460 3228 neque
477 3145 577 3204 victis
592 3137 782 3229 quidquam
798 3149 937 3226 praeter
956 3137 1045 3197 inm-

95 3250 167 3308 riae
192 3241 372 3309 licentiam
396 3243 598 3334 eripiebant.
665 3243 714 3309 At
741 3242 778 3306 lii
805 3255 927 3307 contra
951 3243 1047 3326 igna-

96 3355 240 3415 vissumi
257 3349 428 3431 homines,
453 3373 516 3439 per
529 3372 707 3415 summum
727 3345 851 3425 scelus,
876 3348 993 3408 omnia
1007 3365 1048 3408 ea
1108 3381 1112 3390 ·

96 3459 200 3521 sociis
224 3454 389 3536 adimere,
417 3478 505 3544 quae
525 3454 719 3521 fortissumi
737 3458 804 3518 viri
825 3456 973 3517 victores
994 3471 1048 3515 re·

97 3559 290 3651 liquerant:
317 3561 465 3652 proinde
484 3568 580 3650 quasi
599 3565 763 3627 iniuriam
780 3557 905 3638 facere,
931 3551 968 3620 id
989 3552 1049 3621 de·

95 3689 198 3735 mum
227 3642 317 3735 esset
343 3666 495 3758 imperio
521 3666 590 3733 vti'
