2258 3998
185 179 224 220 4,
286 112 781 194 ivovnrmuvu.
849 204 855 217 Ι
904 90 1009 208 '1³7

51 270 126 335 met
145 273 244 352 sitae,
272 293 362 363 quas
387 292 519 336 neeesse
544 288 596 335 est
619 291 655 336 et
675 276 815 353 viratte,
846 278 883 340 ei
907 278 1008 353 inno,-

52 379 172 443 aentia
185 380 302 441 tutari.
334 399 419 440 nam
441 378 517 441 alia
540 375 682 463 infirma
705 395 795 442 suut.
843 381 895 445 Et
920 382 1013 447 illud

52 482 229 567 intellego,
259 482 427 571 Quirites:
457 486 615 546 omniurn
633 504 696 546 ora
714 487 753 546 in
770 506 825 548 me
845 506 1010 551 conuersa

53 607 125 651 esse
130 608 144 661 ,·
168 608 296 675 aequos
319 588 490 677 bonosque
504 588 649 677 fauere,
683 593 810 678 quippe
834 589 1011 679 benefacta

54 711 135 753 mea
161 693 368 778 reipublicae
397 694 609 780 procedunt:
652 695 868 758 nobilitatem
897 697 1011 785 locum

56 784 252 861 inuadendi
274 818 443 885 quaerere.
497 798 572 886 Quo
596 799 686 861 milii
711 803 826 864 acrites
850 801 1011 865 adniten-

54 899 142 964 dum
163 919 223 981 est,
253 919 295 964 ut
312 926 423 992 neque
437 925 500 966 uos
523 905 726 990 capiamini,
753 923 788 969 et
806 906 862 968 illi
872 904 1012 994 frustm

54 1007 139 1072 sint,
186 1007 246 1071 Ita
262 1007 311 1071 ad
327 1008 390 1072 boc
407 1011 531 1071 aetatis
544 1030 567 1071 a
581 1013 733 1095 pueritia
743 1008 820 1097 fui,
844 1015 1014 1083 utamnit
1038 1037 1043 1044 ·

57 1110 202 1196 labores,
228 1114 385 1201 pericula
410 1129 572 1176 consueta
603 1113 756 1177 babeam
808 1114 906 1202 Quae
933 1135 1015 1182 ante

55 1212 175 1281 uestra
204 1216 368 1303 beneficia
387 1220 541 1302 gratuito
560 1216 755 1307 faciebam,
787 1240 829 1281 ea
850 1223 921 1299 vti,
955 1243 1013 1285 ae·

58 1314 158 1410 cepta
171 1323 332 1400 mercede,
361 1322 524 1400 deseram,
553 1345 625 1386 non
644 1340 693 1387 est
710 1311 912 1402 consilum,
930 1329 1015 1416 Qui-

60 1430 152 1491 rites.
201 1427 283 1490 Illis
303 1425 455 1513 difficile
477 1445 528 1491 est
547 1430 585 1489 in
609 1426 830 1517 potestatibus
853 1446 1016 1517 tempera·

59 1554 110 1612 re,
130 1535 201 1621 ’qui
220 1538 285 1619 per
306 1531 527 1594 ambitionem
552 1554 622 1597 sese
642 1532 765 1619 probos
790 1534 1015 1611 simulauere3
1095 1600 1097 1611 ,

59 1637 169 1716 milti,
208 1640 273 1727 qui
304 1656 440 1698 omnem
469 1651 616 1699 aetatem
648 1640 686 1699 in
716 1639 854 1725 optimis
886 1640 1018 1704 artibus

41 1746 129 1829 egi,
157 1741 350 1832 benefacere
373 1742 445 1802 iam
465 1761 510 1802 ea
530 1741 774 1806 consuetudine
790 1745 829 1805 in
853 1760 1018 1808 naturam

58 1850 177 1911 vertit.
225 1847 363 1911 Bellum
390 1866 444 1908 me
462 1866 577 1931 gerere
603 1871 682 1910 curn
704 1847 880 1934 Iugurtha
903 1851 1017 1913 iussis·

62 1955 111 2016 tis
117 1977 130 2029 ,·
157 1975 265 2041 quarn
283 1976 353 2016 rem
374 1952 538 2014 nobilitas
555 1975 749 2038 aegerrume
772 1955 881 2016 arlia·
906 1954 1018 2042 Quae·

62 2078 131 2142 so,·
146 2075 296 2147 reputate
316 2080 395 2120 curn
414 2060 693 2136 animisnostris,
719 2080 806 2121 num
830 2058 869 2120 id
887 2076 1021 2123 mutare

64 2165 191 2229 melius
216 2167 272 2240 sit,
298 2166 329 2226 si
353 2184 456 2253 quem
478 2184 525 2226 ex
552 2163 613 2225 ille
637 2163 737 2247 globo
762 2163 953 2228 nobilitatis
971 2165 1022 2229 ad

65 2271 144 2349 lroe,
170 2286 237 2332 aut
253 2268 355 2331 aliud
374 2268 443 2331 tale
464 2270 639 2352 negotium
662 2268 817 2343 mittatis,
846 2268 1022 2334 bominem

64 2377 192 2441 veten's
219 2376 402 2462 prosapiae
432 2394 474 2435 ac
505 2373 694 2436 multarum
730 2374 946 2457 imaginum,
989 2392 1026 2439 et

67 2481 204 2547 nullius
227 2476 407 2568 stipendii.-
434 2479 565 2541 scilicet
587 2472 631 2541 'vt
655 2481 694 2540 iu
717 2494 817 2541 tanta
846 2500 896 2562 re,
926 2483 1023 2564 ignor

67 2610 131 2653 rus
156 2589 324 2661 omniurn,
353 2583 511 2673 trepidet,
537 2580 700 2671 festinet',
729 2600 847 2647 sumat
867 2585 1025 2676 aliquem

66 2716 116 2761 ece
127 2692 256 2782 populo
276 2691 477 2753 monitorem
490 2687 608 2777 officii.
658 2688 717 2767 Ita
734 2690 937 2779 plerumque
951 2713 1025 2755 eue-

68 2802 137 2877 nit,
163 2813 206 2860 ut
228 2816 331 2884 quern
354 2814 417 2856 uos
441 2797 607 2882 imperare
631 2795 789 2871 iussistis,
819 2797 849 2858 is
877 2799 1024 2884 impera·

67 2921 178 2969 torem
201 2901 314 2965 alium
346 2917 499 2989 quaerat.
570 2897 625 2962 Ac
648 2919 709 2982 ego
732 2901 820 2979 scia,
864 2901 1025 3018 Quirites,

68 3012 135 3101 qui
157 3024 342 3099 postquam
369 3005 531 3070 Consules
553 3003 650 3094 faeti
675 3022 773 3082 sunt,
810 3023 890 3069 acta
915 3007 1026 3067 maio·

71 3130 152 3179 rum
186 3130 221 3181 et
253 3096 463 3179 Graecorum
501 3111 670 3172 militaria
698 3127 880 3198 praeoepta
919 3095 1028 3194 tegere

72 3223 267 3311 ooeperint:
303 3216 457 3280 homines
483 3218 700 3303 praeposteri.
771 3215 871 3281 Nam
897 3237 1025 3299 gerere,

72 3349 185 3420 quam
203 3324 290 3415 fieri
312 3323 497 3413 posterius,
541 3344 576 3384 re
607 3338 711 3408 atque
742 3343 807 3383 vsu
840 3322 940 3406 prius
965 3337 1023 3385 est

48 3424 51 3431 ¹
74 3437 279 3522 Comparate
295 3450 406 3506 nunc,
429 3428 589 3516 Quirites,
616 3447 694 3489 cum
715 3424 856 3490 illorum
870 3426 1029 3531 superbia

72 3561 128 3603 me
158 3536 334 3602 bominem
361 3555 501 3597 nouum.
567 3529 720 3619 Quael
692 3553 704 3591 ι
720 3530 748 3591 ι
771 3529 893 3594 audire
922 3547 958 3594 er
982 3531 1029 3594 le·

71 3658 153 3732 gere
173 3642 285 3706 solent
298 3662 416 3710 eorum
430 3639 560 3726 partim
573 3636 661 3721 uidi,
684 3658 707 3699 a
710 3636 759 3700 lia
777 3652 909 3724 egomet
919 3657 1028 3724 gessi,
