2258 3998
113 122 160 190 50
367 111 863 182 CONIVRATIO·

116 283 236 343 omnia
265 271 425 352 student3
471 270 574 338 turba
604 285 710 360 atque
742 268 971 337 seditionibus
996 268 1075 336 sine

118 406 201 451 cura
228 379 391 445 aluntur:
438 384 604 466 quoniam
633 391 764 464 egestas
787 372 892 441 facile
927 374 1076 442 hebetur

117 496 192 554 sine
218 486 355 550 damno.
407 483 476 549 Sed
495 481 624 549 vrbana
644 481 779 570 plebes,
805 502 845 546 ea
869 504 953 547 vero
973 502 1076 571 prae·

118 616 199 682 ceps
220 599 308 655 ierat
328 587 448 653 multis
470 587 514 653 de
533 593 669 652 caussis.
719 587 877 651 Primum
897 594 1075 668 om'nium,

118 707 180 789 qui
195 697 322 785 vbique
337 695 465 782 probro
477 709 581 782 atque
596 690 790 781 petulantia
802 714 964 758 maxume
973 716 1079 783 prae-

43 830 48 845 ·
118 805 271 878 stabunt3
293 807 379 865 item
397 798 457 864 alii
476 821 540 887 per
554 797 725 892 dedecora
739 803 958 885 patrimoniis
978 805 1077 865 amis·

120 917 185 986 sis3
213 906 393 996 postremo
412 926 544 979 omnes,
570 925 656 992 quos
675 903 847 991 flagitium
864 920 926 968 aut
941 902 1080 971 facium·

74 1068 77 1072 ,
120 1015 227 1079 domo
251 1010 443 1099 expulerat,
473 1015 499 1072 ii
518 1010 677 1084 Romam,
707 1014 811 1072 sicuti
833 1014 870 1072 in
888 1015 1074 1089 sentinam,

121 1117 370 1184 confluxerant.
432 1114 568 1179 Deinde
594 1110 699 1175 multi
719 1135 892 1178 memores
913 1112 1076 1181 Sullanae
1110 1110 1116 1117 ’

122 1229 304 1297 victoriae,
333 1219 427 1309 quod
453 1212 494 1283 'ex
519 1223 683 1306 gregariis
709 1216 886 1283 militibus.
904 1217 989 1285 alios
1015 1214 1095 1286 Se,-⁸

122 1341 263 1397 natores'
293 1324 474 1402 videbant,
517 1322 602 1387 alios
629 1328 678 1385 ita
709 1322 856 1401 diuites,
900 1327 950 1389 vti
978 1332 1076 1415 regio

123 1441 218 1500 victu
237 1449 341 1519 atque
359 1429 458 1497 cultu
476 1444 627 1493 aetatem
649 1444 806 1517 agerent,
834 1427 903 1493 sibi
916 1430 1074 1520 quisque,

118 1546 152 1605 si
176 1546 212 1602 in
236 1543 339 1601 armis
363 1532 497 1613 forent,
536 1557 576 1597 ex
598 1540 745 1599 victoria
771 1532 854 1598 talia
879 1535 1072 1624 sperabant.

123 1646 285 1710 Praterea
306 1647 483 1715 iuuentus,
510 1661 599 1727 quae
618 1644 656 1702 in
671 1646 777 1728 egris,
804 1661 973 1705 manuum
985 1664 1077 1707 rner-

122 1748 228 1822 cede,
268 1748 424 1832 inopiam
451 1742 679 1821 tolerauerat‚
713 1751 857 1833 priuatis
885 1761 991 1835 atque
1018 1770 1078 1836 pu·

124 1852 224 1921 blicis
239 1848 480 1938 largitionibus
498 1855 620 1927 excita,
644 1849 812 1914 vrbanum
835 1854 947 1916 otium
969 1856 1080 1941 ingres

125 1975 164 2024 to
191 1956 300 2020 labori
326 1951 572 2042 praetulerant.
619 1978 675 2021 eos
708 1971 811 2042 atque
829 1954 922 2020 *alios
958 1978 1077 2024 omnes

123 2062 258 2130 malum
272 2058 451 2148 publicum
465 2057 588 2125 alebat.
638 2062 717 2147 Quo
738 2067 852 2125 minus
866 2061 1076 2142 mirmrdum,

127 2169 286 2234 homiues
309 2172 461 2254 egentis,
479 2164 585 2231 'malis
612 2165 784 2242 moribus,
820 2190 978 2232 maxume
1002 2191 1076 2259 spe,

126 2271 338 2362 reipublicae
356 2277 457 2336 '‘iuxta
481 2295 520 2336 ac
538 2271 603 2336 sibi
629 2269 848 2337 consuluisse.
898 2272 1089 2339 Praeterea·

124 2402 301 2471 quorum,
344 2383 490 2442 victoria
513 2375 655 2454 Sullae,
690 2392 850 2465 parentes
876 2385 1076 2469 proscripti,

126 2483 217 2551 bona
231 2499 363 2571 erepta,
391 2489 443 2546 ius
458 2479 628 2546 libertatis
642 2488 867 2549 imminutum
880 2501 965 2563 erat,
976 2484 1079 2551 baud

127 2613 210 2660 sane
233 2586 302 2651 alio
324 2584 543 2657 animo-belli
561 2603 726 2652 euentum
744 2590 995 2678 exspectabant.
1022 2588 1079 2655 Ad

129 2693 214 2768 hoc,
254 2699 464 2781 quicumque
484 2691 630 2757 aliarum
654 2708 757 2782 atque
781 2695 900 2760 Senati
925 2702 1080 2784 partium

129 2813 239 2872 erant,
265 2798 464 2865 conturbari
481 2796 742 2889 rempublicam,
767 2824 870 2897 quam
894 2808 1008 2866 minus
1022 2824 1079 2865 vu-

129 2900 202 2967 lerc
221 2904 286 2989 ipsi
305 2903 487 2968 malebant.
538 2904 578 2969 Id
595 2903 688 2969 'adeo
705 2905 835 2971 malum
856 2906 983 2973 multos
1000 2922 1080 2999 post

130 3028 237 3071 annos
256 3030 293 3070 111
315 3013 495 3075 ciuitatem
518 3025 718 3075 reuerterat.

423 3188 549 3271 cARP.
592 3187 791 3254 XXXIV.

196 3319 288 3389 Nam
314 3322 498 3413 postquam
523 3327 585 3393 Cn.
618 3327 785 3419 Pompeio
813 3345 849 3394 et
876 3330 925 3395 Μ.
958 3330 1109 3396 Crasso·

130 3424 336 3495 Consulibus
362 3429 547 3497 tribunicia
571 3449 722 3522 potestas
748 3441 928 3513 restituta3
961 3435 1081 3509 ,homi-

129 3552 191 3594 nes
221 3532 480 3615 adolescentes,
514 3545 702 3621 (summam
729 3556 954 3629 potestatem
969 3547 1080 3621 nacti)

130 3634 253 3722 quibus
271 3654 363 3704 aetas
380 3647 584 3737 animusque
605 3645 712 3727 ferox,
738 3668 894 3735 coepere,
913 3646 1082 3713 Senatum
1114 3732 1117 3737 Ι

1046 74 1053 82 ’
1120 70 1125 171 l
