2258 3998
82 118 128 197 a
338 113 781 186 coN1vRAT10

84 277 235 340 iniuriae
245 295 329 339 suae
341 296 473 362 pomae
486 273 673 339 videamr:
703 277 806 339 mztlti
817 298 874 341 eas
886 279 1032 364 grauius

82 405 192 471 aequo
221 382 375 445 habuere.
425 380 493 443 Sed
519 382 602 444 aliis
627 382 702 444 alia
730 383 880 460 licentia,
910 384 1032 446 Patres

84 489 273 574 coascrz'pti.
308 485 373 572 qui
388 483 526 557 demissi
532 488 582 561 in
603 487 741 550 obscuro
757 490 869 551 vitam
892 487 1028 566 lrabeat,

82 595 115 655 si
130 591 222 680 quid
238 588 421 654 iracundia
437 589 626 685 deliquere,
648 596 757 680 pauci
774 596 907 668 sciunt;
924 591 1032 681 fama

83 714 189 785 atquo
208 695 359 785 fortuna
382 704 487 781 pares
509 713 615 759 sant:
648 702 712 787 qui
738 720 863 783 magno
891 701 1032 787 imperio

79 801 233 891 praediti
260 805 298 863 in
324 800 454 862 excelso
481 817 626 864 aetatem
646 821 767 887 agunt,
796 826 912 865 eorum
928 802 1033 890 facta

83 907 380 971 cunctimortales
397 927 529 967 notzere.
579 907 637 968 Ita
655 911 691 968 in
707 930 873 969 maxuma
880 905 1032 996 fortuna

84 1016 246 1076 minuma
260 1013 399 1073 licentia
413 1029 472 1088 cst,
501 1033 611 1099 aeque
623 1012 765 1092 studere,
785 1036 895 1101 aeque
910 1013 1029 1090 odisse,

84 1119 144 1181 sed
156 1121 310 1179 minume
325 1119 428 1178 irasci
438 1116 539 1178 decet.
567 1138 659 1204 quae
678 1118 773 1204 apud
788 1119 876 1179 alias
894 1120 1031 1180 iracun-

83 1223 145 1284 dia
163 1221 301 1300 dicitur,
330 1224 370 1282 ia
391 1223 529 1308 imperio
549 1221 706 1308 superbia
723 1239 827 1310 atque
850 1223 1032 1286 crudelitas

83 1326 287 1415 adpellatur.
353 1325 527 1414 Equidem
555 1348 616 1412 ego
643 1329 693 1388 sic
720 1344 882 1404 aestuoso,
910 1328 1031 1391 Patres

85 1432 282 1517 conscripti,
320 1432 432 1493 amnis
453 1433 623 1494 cruciatus
647 1432 808 1509 mitiores,
840 1454 948 1520 quam
966 1429 1031 1520 fa-

85 1541 204 1602 cinora
221 1537 361 1598 illorum
377 1558 453 1599 esse.
482 1536 542 1598 scd
553 1538 709 1624 plcrzaue
728 1537 886 1599 mortales
903 1554 1032 1623 postre-

84 1665 144 1706 ma
173 1644 377 1721 meminere,
414 1657 449 1701 ct
473 1642 512 1700 in
541 1639 736 1703 homiuibus
761 1643 875 1726 impiis
896 1642 1032 1704 sceleris

55 1746 60 1763 ‘
84 1748 185 1809 obliti
209 1744 251 1807 de
273 1765 386 1830 poeria
410 1742 590 1829 disserunt,
622 1746 654 1806 si
674 1765 717 1807 ea
734 1744 856 1831 paullo
883 1749 1034 1807 seuerior

73 1851 161 1941 fia't.
210 1849 258 1913 D.
276 1847 436 1910 Silanum
449 1848 566 1907 uirum
574 1846 706 1936 fortem
725 1866 828 1938 atque
840 1865 1028 1929 strenuum,

83 1973 170 2019 certe
183 1957 263 2031 scio,
284 1973 374 2041 quae
387 1950 523 2028 dixerit,
539 1952 652 2015 studio
672 1955 875 2041 reipublicae
888 1954 1028 2035 dixisse,

85 2083 195 2152 neque
221 2059 323 2121 illum
348 2059 387 2118 in
408 2073 506 2119 tanta
529 2061 752 2145 (cgratiam,
792 2076 856 2122 out
886 2062 1032 2125 inimici·

85 2171 152 2231 tias
185 2186 346 2227 exercere.
387 2183 441 2225 eos
467 2185 590 2243 mores,¹
629 2186 706 2227 eam
733 2164 933 2229 modestiam
960 2168 1034 2229 viri

84 2272 240 2355 cognoui.
315 2267 446 2334 Verum
465 2271 633 2333 scatentia
663 2292 735 2331 uon
760 2269 851 2334 milti
872 2272 1027 2347 crudelis,

84 2376 172 2467 quid
189 2378 282 2439 euim
309 2376 347 2436 ia
367 2375 462 2436 talis.
471 2373 626 2436 homines
645 2374 791 2439 crudele·
795 2375 881 2462 fieri
899 2369 1032 2464 potest?

82 2483 143 2546 sed
172 2483 289 2545 aliena
319 2502 342 2543 a
372 2478 543 2565 republica
569 2496 687 2543 nostra
716 2481 859 2546 videtur.
930 2479 1031 2546 Nam

79 2584 324 2676 profectaaut
352 2576 480 2660 metus(
502 2600 567 2647 aut
588 2587 721 2649 iniuria
746 2604 779 2650 te
804 2588 949 2672 subegit,
983 2585 1032 2647 Si·

84 2692 184 2767 lone,
220 2689 402 2753 Consulem
426 2687 653 2775 designatum,
681 2713 790 2776 genus
817 2712 949 2778 poenae
974 2712 1032 2751 no-

84 2817 171 2859 vum
197 2793 378 2859 decernere.
431 2794 488 2857 De
517 2797 638 2857 tiatore
664 2817 957 2883 superuacaneum
983 2811 1033 2856 est

84 2900 258 2976 disserere,
283 2921 361 2962 cum
372 2901 546 2986 praesenti
559 2898 741 2986 diligentia
754 2902 947 2965 clarissumi
960 2901 1033 2962 viri

86 3004 245 3070 Consulis
263 3020 363 3066 tauta
380 3005 555 3092 praesidia
566 3009 640 3068 siat
650 3012 687 3070 ia
701 3011 814 3071 armis.
849 3008 905 3071 De
918 3027 1032 3093 poena

79 3132 260 3200 possumus
281 3107 438 3197 equidem
454 3110 565 3174 dicere
580 3111 631 3188 id,
657 3111 752 3200 quod
767 3135 818 3175 res
842 3111 966 3175 ltabet:
992 3113 1031 3172 ia

85 3217 179 3280 luctu
190 3231 294 3304 atque
305 3214 449 3279 miseriis
460 3234 598 3280 mortem
610 3230 855 3279 aerumaamm
868 3216 1028 3302 requiem,

86 3343 157 3384 non
171 3321 362 3384 cruciatum
374 3341 461 3395 esse,-
491 3340 568 3382 eam
581 3338 703 3384 cuncta
719 3319 918 3383 mortalium
936 3317 1031 3380 atala

85 3424 289 3500 dissoluere;
324 3424 420 3487 vltra
441 3445 552 3511 aeque
571 3447 673 3503 curae
699 3444 809 3512 neque
824 3423 956 3508 gaudio
982 3421 1031 3483 lo·

85 3551 164 3592 cum
187 3552 264 3595 esse.
313 3529 382 3595 Sed
394 3552 457 3618 per
471 3528 551 3594 daos
571 3530 783 3606 immortalis,
813 3527 1032 3617 quauwbrem

87 3636 125 3698 in
148 3636 354 3701 sententiam
376 3656 449 3705 stoa
474 3634 664 3713 addidisti,
696 3636 751 3697 vti
771 3636 871 3723 prius
892 3632 1034 3697 verberi·
