2258 3998
146 134 149 141 ·
252 106 787 179 tvovnrnsuvm
970 106 1014 196 95

55 280 106 331 et:
121 262 163 329 L:
179 260 339 339 'Annius
369 259 502 327 tribuni
530 260 652 352 plebis,
681 264 918 332 resistentibus
941 260 1015 331 col·

55 366 157 459 legis,
189 370 396 445 continuare
414 370 657 458 magistratum
675 369 912 449 nitebantur;··
926 390 1016 461 quaa

55 472 226 541 dissensio
253 475 360 537 totius
392 477 474 539 anni
503 477 645 539 comitia
675 474 906 565 impediebat..
963 476 1016 542 Ea

54 600 159 645 mora
178 579 217 643 in
235 601 334 667 spem
356 577 526 646 adductus
546 577 674 658 Aulus,
701 603 807 670 quem
827 603 893 670 pro
919 581 1017 647 Prae·

56 699 136 749 tore
154 687 201 747 =in
222 688 342 748 castris
359 681 522 750 relictum
540 708 645 774 supra
666 684 825 765 diximus,
853 701 914 751 aut
930 708 1016 752 con·

56 786 208 854 ficiundi
226 784 321 867 belli,
350 803 412 855 aut
438 805 574 856 terrore
598 797 768 879 exercitus
790 789 835 856 ab
859 814 942 880 rege
959 814 1017 881 pe·

55 898 183 960 cuniae
211 892 422 982 capiundae,
466 892 597 960 milites
627 918 747 963 mense
778 898 940 963 Ianuario
964 918 1018 963 ex

56 998 214 1065 hibernis
240 1004 278 1063 in
302 997 560 1088 expeditionem
585 1017 729 1079 euocat;
756 1008 890 1090 magnis
918 1007 1018 1067 itine·

56 1103 168 1182 ribus,
197 1103 314 1169 hieme
340 1125 471 1193 aspera,
500 1112 666 1197 peruenit
691 1104 735 1171 ad
759 1105 929 1196 oppidum
955 1107 1018 1173 saa

57 1204 152 1293 thul,
174 1204 232 1273 vbi
252 1214 342 1297 regis
356 1208 509 1275 thesauri
528 1227 635 1277 erant.
686 1210 790 1299 Quod
805 1234 1017 1301 quamquam
1090 1282 1093 1287 ,

56 1329 97 1380 et
115 1317 262 1377 saeuitia
276 1318 455 1403 temporis,
482 1331 519 1381 et
538 1322 801 1405 opportunitate
817 1315 887 1382 loci
904 1339 1018 1407 neque

55 1423 152 1507 capi,
180 1439 295 1506 neque
310 1417 463 1487 obsideri
483 1435 638 1508 poterats
672 1427 772 1503 (nam
792 1425 926 1487 circum
946 1445 1019 1487 mu·

57 1546 156 1603 rum,
182 1529 291 1588 situm
315 1527 353 1586 in
381 1530 561 1613 praerupti
586 1530 716 1590 montis
740 1541 913 1604 extremo,
945 1524 1019 1614 plav

58 1634 172 1697 nicies
187 1625 319 1693 limosa
341 1625 548 1695 hiemalibus
569 1636 667 1720 aquis
688 1627 854 1718 paludem
875 1631 1018 1715 fecerat)

58 1752 183 1803 tamen
209 1748 271 1799 aut
297 1730 484 1799 simulandi
511 1741 633 1823 gratia,
664 1755 733 1826 quo
758 1742 834 1825 regi
860 1735 1019 1805 formidi-

57 1864 147 1909 nem
169 1838 329 1918 adderet3
361 1855 422 1905 aut
447 1839 613 1930 cupidine
641 1863 775 1921 caecus,
800 1848 915 1910 vineas
938 1864 1019 1935 age.-

58 1969 114 2026 re,
143 1968 306 2036 aggerem
332 1951 472 2026 iacere,¹
488 1943 568 2026 alia,
597 1970 687 2036 quae
707 1955 849 2039 incepto
871 1951 947 2016 vsui
966 1946 1019 2013 fo·

58 2066 155 2133 rent,
180 2040 384 2144 properare.

346 2229 477 2297 CAP.
522 2228 728 2305 XXXIV.

130 2368 182 2437 At
208 2368 393 2460 Iugurtha,
428 2376 567 2460 cognita
593 2375 747 2438 vanitate
775 2385 880 2458 atque
906 2373 1020 2458 impes

58 2481 149 2543 titia
173 2473 292 2564 legati,
319 2473 484 2542 subdolus
510 2499 637 2566 augere
662 2480 870 2557 amentiam,
905 2479 1019 2541 missi·

61 2596 141 2647 tare
169 2578 398 2670 supplicantis
424 2579 573 2671 legatos;
618 2588 712 2672 ipse,
742 2584 839 2670 quasi
862 2578 1020 2645 vitabun-

61 2686 150 2765 dus,
182 2689 251 2775 per'
282 2684 433 2753 saltuosa
459 2686 536 2754 loca
569 2703 606 2753 et
639 2693 795 2752 tramites
827 2691 1020 2751 exercitum

61 2790 220 2859 ductare.
268 2790 431 2882 Denique
456 2790 590 2857 Aulum
611 2815 674 2880 spe
696 2797 866 2881 pactionis
890 2814 1021 2880 perpu-

63 2896 127 2977 lit,
168 2902 237 2975 vti,
271 2895 396 2963 relicto
423 2896 590 2976 Suthule,
634 2904 671 2961 in
698 2895 829 2962 abditas
860 2903 1020 2989 regiones

57 3024 160 3081 sese,
186 2998 298 3068 veluti
327 3000 525 3083 cedentem,
560 3009 811 3092 insequeretur.
883 3005 1022 3066 Interea

42 3108 132 3198 ¹per
169 3106 328 3173 homines
358 3105 500 3174 callidos
533 3109 590 3174 die
624 3124 800 3197 noctuque
829 3111 1021 3170 exercitum

65 3209 225 3279 tentabat
238 3237 257 3277 t·
306 3219 530 3279 centuriones
586 3213 760 3304 ducesque
809 3228 1019 3287 turmarum,

65 3323 199 3408 partim
241 3324 292 3385 vti
327 3318 608 3409 transfugerent,
657 3318 729 3399 alii,
776 3324 876 3406 siguo
925 3314 1019 3392 dato,

65 3420 189 3489 locum
229 3429 280 3493 vti
326 3423 534 3492 desererent.
595 3431 644 3489 ita
683 3423 809 3490 delicta
853 3417 1022 3493 occultio-

64 3550 107 3593 ra
126 3526 215 3595 fore.
263 3529 364 3617 Quae
387 3547 574 3620 postquam
600 3552 642 3594 ex
663 3533 837 3594 sententia
858 3529 1019 3602 instruit-3

66 3636 282 3727 intempesta
302 3652 441 3719 nome,
465 3634 527 3725 ·da
564 3640 757 3726 improuiso
792 3627 1023 3699 multitudine
