2258 3998
311 99 808 207 IVGVRTHINVM.
980 130 1044 197 129

83 265 214 340 mine‚.
240 262 347 351 quani
376 282 583 351 proxumam
617 261 747 352 oppido
780 284 906 354 aqum
937 287 1043 353 supra

83 366 254 445 diximus,
287 368 444 430 iumenta
473 381 605 431 onerat
653 390 696 433 eo
723 368 828 434 modo
853 373 1041 435 instructus

83 471 130 539 ad
157 468 308 537 Thalam
330 466 573 559 proficiscitur.
610 460 761 538 ¹Deinde
777 471 835 540 vbi
850 472 894 540 ad
915 473 951 538 id
972 472 1042 540 loci

85 592 250 655 ventum,
283 597 354 665 quo
383 574 549 643 Numidis
572 593 821 666 praeceperat,
862 594 958 644 tanta
988 602 1042 646 re·

85 698 194 774 pente
215 677 317 747 coelo
337 684 440 747 missa
455 687 505 748 vis
523 704 633 771 aquae
650 681 788 762 dicitur,
818 698 856 752 vt
873 707 914 749 ea
938 685 1042 751 modo

80 790 255 855 exercitui
282 789 362 851 eatis
393 806 569 878 superque
595 788 697 853 foret
746 790 930 855 Praeterea
953 774 1043 857 com·

85 907 223 961 meatus
250 914 311 983 spe
330 890 499 982 amplior:
529 896 610 985 quia
630 894 819 974 Numidae,
845 902 949 960 sicuti
970 896 1042 985 ple·

85 1005 190 1090 rique
208 1000 265 1063 ,in
297 1018 391 1064 noua
422 997 616 1079 deditione,
662 997 777 1065 officia
805 1001 1037 1068 intenderant

85 1107 259 1193 Ceterum
276 1148 280 1155 -
299 1100 429 1169 milites
466 1102 636 1194 religione
665 1101 792 1194 pluuia
827 1111 934 1195 magis
971 1115 1041 1189 vsi3

86 1232 198 1302 eaque
225 1231 280 1275 res
304 1207 459 1275 multum
487 1213 611 1275 animis
638 1231 768 1277 eorum·
787 1210 929 1279 addidit
961 1236 1043 1280 nam

80 1321 157 1383 'rati
188 1338 278 1382 sese·
294 1314 360 1380 dis.
381 1313 634 1381 immortalibus
667 1338 772 1381 curae
804 1340 887 1384 esse.
952 1320 1045 1386 Dein

86 1436 231 1512 postero
256 1418 336 1498 die,
379 1422 730 1508 eontraopinionem
755 1423 962 1510 Iugurthae,
1001 1426 1045 1492 ad

87 1523 239 1592 Thalam
255 1531 479 1615 perueniunt.
528 1522 719 1614 Oppidani,
747 1533 807 1614 qui
826 1547 863 1592 se
886 1524 1046 1611 locorum

86 1637 275 1721 asperitate
310 1636 463 1723 munitos
500 1628 740 1710 crediderant,
755 1684 773 1715 ι
787 1630 911 1721 magna
941 1650 1046 1725 atque
1113 1630 1117 1637 ’

54 1734 231 1803 'insolita
254 1730 476 1826 reperculsi,
503 1733 613 1801 nihilo
633 1742 771 1825 segnius
796 1735 929 1823 bellum
952 1760 1046 1830 para·

85 1862 145 1908 re:
174 1841 269 1908 idem
299 1847 410 1908 nostri
436 1841 560 1907 facere.

324 2076 327 2083 .
382 1998 516 2087 oAP.
561 2014 743 2111 LXXII.

157 2155 228 2227 Sed
258 2180 319 2224 rex
352 2155 443 2224 nihil
475 2165 545 2224 iam
583 2158 756 2225 infectum
787 2160 935 2228 Metello
971 2186 1045 2231 cre

80 2260 197 2345 -dens,
225 2271 356 2354 quippe
382 2265 443 2353 qui
474 2270 592 2329 omnia
612 2298 657 2315 -·
673 2286 788 2342 arma,
821 2264 902 2344 tela,
936 2266 1056 2355 locos,¹

89 2384 272 2460 tempora,
305 2368 456 2458 denique
483 2385 645 2433 naturam
678 2375 790 2458 ipsam
824 2379 949 2437 ceteris
980 2380 1046 2439 im-

87 2482 305 2568 peritantem
325 2510 369 2523 -
389 2472 560 2541 industria
584 2480 729 2553 vicerat,
760 2484 841 2540 eu'm
865 2472 982 2543 liberis
1010 2494 1046 2545 et

88 2602 218 2671 magne
244 2592 346 2671 parte
367 2587 539 2670 pecuniae
566 2602 608 2645 ex
635 2578 767 2669 oppido
794 2594 901 2646 noctu
926 2583 1046 2671 profu·

89 2694 145 2778 git
156 2710 167 2766 ς
197 2706 310 2775 neque
330 2701 451 2775 postea
470 2692 507 2752 in
524 2681 595 2753 vllo
617 2683 695 2749 loeo
715 2683 864 2775 amplius
889 2709 956 2753 vna
977 2688 1044 2769 die,

90 2802 156 2861 aut
181 2812 249 2857 vna
274 2808 379 2858 nocte
402 2806 569 2868 moratus,
599 2788 786 2856 simulabat
815 2814 889 2858 sese
915 2798 1048 2883 negotii

92 2901 207 2988 gratia
237 2916 435 2987 properare.
483 2897 648 2963 Ceterum
676 2896 925 2985 proditionem
944 2907 1048 2965 time-

91 3002 165 3082 bat,
195 3022 301 3093 quam
327 3008 438 3068 vitare
454 3024 554 3093 posse
577 2998 756 3068 eeleritate
776 3002 932 3092 putabat.
965 3026 1047 3069 nam

58 3106 177 3175 ,talia
208 3104 353 3173 consilia
379 3112 445 3197 pe'r
472 3115 605 3186 otium,
645 3123 682 3172 et
713 3130 754 3173 ex
784 3113 1049 3198 opportunitate

92 3219 184 3305 capi.
255 3212 305 3279 At
340 3211 506 3279 Metellus
535 3206 594 3278 vbi
623 3210 815 3302 oppidanos
841 3210 975 3302 praelio
1000 3215 1052 3277 in«
1085 3212 1088 3219 ’

92 3334 230 3400 tentos,
270 3317 376 3386 simul
408 3316 579 3410 oppidum
611 3329 648 3382 et
679 3315 861 3406 operibus,
900 3329 938 3380 et
970 3312 1048 3381 loeo

48 3478 51 3483 -
93 3431 276 3495 munitum
298 3424 406 3504 videt,
433 3421 524 3491 vallo
550 3420 710 3512 fossaque
732 3427 871 3486 moenia
898 3427 1049 3486 circum-

92 3535 200 3601 venit.
263 3518 355 3597 Dein
393 3528 479 3596 locis
518 3550 560 3596 ex
590 3530 690 3617 copia
725 3546 887 3593 maxume
915 3523 1048 3591 idoneis

88 3641 213 3709 ¹vineat
232 3656 349 3728 agere,
365 3652 536 3727 aggerem
554 3635 683 3712 iacere,
709 3643 747 3701 et
762 3652 869 3722 supep
886 3650 1053 3722 aggerem
