2258 3998
308 80 785 206 osrrrtusu'tt
986 157 1011 226 9
1095 116 1098 121 ’

58 312 221 363 maxume
244 307 334 358 eretz
364 296 544 382 ingenium
567 314 673 359 nemo
695 297 770 358 sino
787 313 935 384 corpore
958 312 1012 358 ex·

59 397 220 463 eruebat:
251 414 416 488 optumus
434 403 582 487 quisque
597 397 724 478 fecere,
752 419 858 488 quam
872 397 1010 476 dicem

60 525 121 568 sua
134 502 178 568 ab
196 501 272 568 aliis
293 501 473 570 benefecta
485 501 632 583 laudari,
650 525 755 595 quem
771 509 846 596 ipse
858 501 1009 571 aliorum
1100 516 1102 523 '

59 631 202 675 narrare
225 606 385 676 malebat.
828 606 831 613 ’

417 778 550 855 cAP.
595 783 640 856 V.
733 732 741 771 χ

125 924 238 1016 Igitur
255 925 352 992 domi
371 924 587 1017 militiaeque
605 921 691 992 boni
716 944 828 992 mores
849 923 1008 992 coleban-

59 1045 129 1096 tur.
161 1031 346 1098 concordia
364 1054 537 1110 maxuma,
563 1037 721 1097 minuma
743 1037 889 1097 auaritia
910 1045 984 1096 erat
995 1054 1007 1108 ;

59 1141 114 1200 ius
134 1135 335 1228 bonumque
348 1137 442 1230 apud
455 1160 513 1204 eos
534 1159 605 1202 non
618 1135 751 1226 legibus
766 1143 886 1225 magis,
904 1157 1009 1225 quam

17 1300 24 1307 .
59 1255 186 1306 natura
213 1240 356 1308 valebat.
418 1243 549 1332 Iurgia,
579 1241 787 1321 discordias,
814 1239 1009 1308 simultates
1062 1274 1066 1281 ·

61 1367 143 1433 oum
163 1344 318 1414 hostibus
343 1348 561 1425 exercebant3
590 1354 684 1412 ciues
706 1369 788 1414 eum
808 1345 944 1413 ciuibus
966 1345 1011 1412 de

60 1457 191 1516 virtute
213 1452 401 1519 certabant.
433 1459 471 1516 in
495 1452 674 1542 suppliciis
698 1453 857 1517 Deorum
882 1457 1011 1540 magni·

59 1552 131 1637 fici,
160 1556 259 1622 domi
278 1563 387 1645 parci,
415 1562 453 1622 in
476 1565 597 1624 amieis
614 1555 734 1622 fideles
758 1571 866 1622 erant.
916 1557 1010 1621 Dua-

61 1659 125 1727 bus
144 1661 196 1726 his
214 1660 357 1740 artibus,
383 1660 526 1729 audacia
542 1670 579 1728 in
597 1661 703 1741 bello,
728 1660 786 1729 rbi
800 1683 868 1753 pax
889 1680 1014 1727 sueno·

59 1781 116 1830 rat
138 1773 311 1856 aequitate
331 1790 438 1858 seque
462 1791 609 1857 remque
630 1766 806 1859 publicam
831 1766 1006 1832 curabant.

61 1871 221 1956 Quarum
248 1894 367 1938 rerum
398 1895 463 1964 ego
494 1895 656 1939 maxuma
687 1872 898 1939 documenta
926 1869 1013 1937 haee

62 1976 185 2055 habeo,
210 1977 303 2066 quod
323 1984 464 2067 ¹saepius
486 1977 703 2044 vindicatum
721 1991 773 2042 est
792 1983 828 2041 in
849 1998 920 2054 eos,
950 1982 1012 2065 qui

61 2098 185 2174 eontra
198 2088 388 2172 imperium
403 2090 439 2148 in
454 2083 591 2148 hostem
606 2097 856 2172 pugnauerant,
880 2086 1012 2172 quique

62 2185 211 2266 tardius,
238 2193 409 2265 reuocati,
440 2184 531 2253 bello
558 2202 787 2266 excesserant,
818 2208 924 2277 quem
951 2192 1012 2277 qui

62 2298 160 2381 signa
186 2290 403 2382 relinquere,
448 2309 509 2358 aut
532 2290 644 2381 pulsi,
685 2290 764 2358 loco
789 2290 912 2357 cedere
938 2298 1012 2358 ausi

63 2413 173 2463 erant.
222 2397 263 2462 ln
279 2421 365 2488 pace
379 2421 461 2464 vero
473 2396 567 2488 quod
582 2392 771 2475 beneficiis,¹
793 2412 1013 2486 quam-metu

62 2509 253 2592 imperium
267 2503 454 2592 agitabant,
478 2519 525 2582 et,
550 2518 692 2593 accepta
703 2507 844 2581 iniuria,
864 2507 1014 2592 ignosce·
1032 2556 1036 2570 .

61 2631 114 2695 re,
141 2630 246 2699 quam
270 2614 433 2700 persequi
459 2607 643 2675 malebant.
733 2636 735 2641 ¹

413 2785 550 2854 CAP.
590 2785 660 2852 VI.

130 2921 199 2989 Sed
218 2924 276 2990 vbi
298 2923 417 2990 labore
439 2942 543 3016 atque
569 2929 702 2989 iustitia
720 2923 915 3016 respublica
939 2945 1015 2990 cre-

63 3034 126 3106 vit,
153 3051 250 3118 reges
270 3037 388 3119 magni
407 3026 499 3095 bello
522 3030 660 3109 domiti,
685 3035 842 3095 nationes
860 3029 953 3095 ferae
978 3042 1015 3092 et

64 3131 189 3223 populi
216 3141 373 3224 ingentes
400 3141 434 3199 vi
460 3135 613 3215 subacti;
654 3135 840 3225 Carthago,
877 3128 1015 3198 aemula

65 3244 207 3327 imperii
221 3239 385 3318 Romani,
404 3238 447 3305 ab
464 3246 573 3330 stirpe
588 3247 736 3320 interiit,
762 3254 888 3306 cuncta
906 3243 1016 3302 marie

65 3358 248 3434 terraeque
264 3345 446 3435 patebant:
477 3353 612 3413 saeuire
635 3349 789 3414 Fortuna
807 3366 849 3410 ao
868 3347 1016 3408 miseere

23 3439 25 3443 ’
66 3454 187 3513 omnia
211 3456 336 3540 coepit.
401 3451 473 3538 Qui
496 3450 647 3530 labores,
686 3447 861 3543 pericula,
895 3444 1016 3512 dubias

65 3568 171 3642 atque
194 3577 330 3647 asperas
353 3578 408 3621 res
426 3555 530 3624 facile
551 3554 800 3632 tolerauerant,
825 3557 868 3619 iis
886 3559 1015 3630 otium,

65 3657 226 3740 diuitiae,
247 3661 419 3753 optandae
432 3660 523 3745 aliis,
537 3669 636 3730 oneri
657 3665 889 3752 miseriaeque
905 3657 1019 3732 (uetu-
