2258 3998
133 114 179 202 es
405 115 861 221 cosmome-¹

138 291 332 337 nostrorum
351 276 482 338 ciuium
506 291 642 362 qucum
660 297 737 339 sum
742 300 756 351 ,-
786 276 977 365 multosque
1001 297 1085 338 mor·

135 380 217 443 calis
241 400 282 442 ea
304 400 426 442 caussa
447 378 610 442 aduersos
633 380 749 444 babeo.
783 385 855 470 qui·
870 382 959 444 mibi
981 398 1085 473 atquc

136 487 254 548 auimo
281 505 355 547 meo
377 484 512 546 uullius
530 507 697 573 umquam
723 485 840 548 delicti
861 489 1015 571 gratiam
1025 484 1085 574 fc-

137 593 266 667 cissam,
301 589 399 651 baud
415 586 529 676 facilc
554 591 696 653 alterius
721 592 871 653 lubidini
900 588 1086 678 malefacta

137 693 382 758 condonabam.
433 694 509 773 Sed,
535 718 575 758 ea
600 699 735 758 tametsi
756 719 819 758 vos
838 700 946 783 parui
964 695 1086 783 pende·
1116 734 1123 745 ,.

137 801 240 874 bacis;
269 815 384 861 tamea
406 801 592 887 respublica
605 799 728 884 firma,
752 803 940 887 opulentia,
972 801 1053 885 negl
1069 836 1085 847 ·

134 906 289 989 gentiam
315 904 487 968 tolerabat.
550 905 659 970 Nune
683 928 762 968 vero
789 930 859 969 uon
887 906 926 968 id
954 911 1083 992 agiuer,

138 1009 245 1086 bouis,
276 1031 325 1070 an
344 1011 446 1072 malis
469 1012 618 1074 moribus
633 1013 816 1087 uiuarnus5
845 1034 955 1101 aeque
972 1032 1085 1100 quan-

138 1131 226 1191 tum,
267 1131 331 1176 auc
357 1136 464 1202 qream
499 1115 723 1201 magnificum
754 1120 933 1202 imperium
964 1115 1088 1204 populi

136 1218 290 1283 Romani
296 1242 309 1280 .·
338 1218 408 1295 sed,
435 1222 532 1284 cuius
553 1221 637 1283 baec
659 1243 803 1310 curaque
820 1221 924 1298 modi,
955 1238 1082 1297 nostra,

135 1346 185 1389 aa
214 1323 389 1387 nobiscum
412 1347 504 1404 ona,
544 1326 693 1389 bostium
715 1324 845 1413 futura
874 1329 952 1389 sinc.
1014 1324 1085 1386 IIic

136 1428 228 1492 mibi
252 1433 438 1519 quisquam
458 1414 755 1496 mausuetudinem
770 1449 805 1495 ec
820 1429 1086 1495 misericordiam

138 1537 305 1599 nominas.
352 1533 554 1624 iampridem
588 1538 746 1627 equidem
772 1558 834 1600 nos
864 1559 948 1607 vera
973 1557 1085 1599 rerum

137 1641 308 1703 vocabula
334 1643 537 1702 amisimus.-
571 1644 657 1728 quia
684 1642 773 1702 bona
803 1642 922 1702 aliena
949 1640 1082 1724 largiri,

138 1745 327 1807 liberalitas
336 1767 351 1817 ,·
394 1747 565 1807 malarum
598 1767 710 1807 rerum
738 1744 887 1806 audacia
910 1742 1084 1831 firrcicudo

136 1864 289 1910 vocatur.
335 1871 373 1910 eo
402 1850 587 1936 respublica
620 1853 659 1911 in
691 1867 840 1911 eatremo
870 1851 945 1911 sica.
1008 1848 1088 1911 Sint

137 1975 241 2029 sane,
284 1955 452 2040 quoniam
479 1958 529 2015 ito
555 1977 589 2017 se
613 1976 720 2016 mores
748 1953 891 2031 babent,
932 1954 1086 2017 liberales

137 2080 182 2121 ex
208 2061 374 2120 sociorum
389 2057 559 2146 sorcuuis,
585 2062 657 2122 sint
679 2060 907 2123 mesericordes
931 2064 970 2122 in
987 2058 1084 2148 furi-

137 2163 200 2225 bus
232 2166 386 2226 oerarii:
413 2187 457 2227 ne
496 2167 567 2229 illis
597 2167 802 2250 sanguinem
834 2183 987 2228 nostrum
1016 2166 1084 2226 lar-

135 2270 298 2354 giemum
333 2287 375 2347 et,
408 2271 494 2333 dum
510 2273 633 2358 paucis
655 2271 822 2334 sceleratis
845 2287 1006 2358 parcunt,
1035 2270 1085 2333 bo-

138 2398 200 2437 nos
227 2378 340 2438 omnis
361 2375 535 2462 perdicum
563 2394 652 2438 caric.
724 2374 816 2438 Beue
847 2393 882 2439 ec
906 2379 1086 2464 composite

139 2482 175 2545 C.
199 2482 327 2545 Caesar
343 2482 465 2567 paullo
491 2498 572 2542 auce
596 2485 635 2543 in
663 2480 726 2544 boc
753 2479 872 2543 ordine
895 2481 938 2544 de
953 2485 1030 2544 oica
1054 2499 1088 2543 ec

137 2602 244 2648 merce
264 2584 436 2660 disseruit;
455 2585 567 2674 fizlsa,
594 2585 709 2663 credo,
738 2582 961 2664 existumans,
995 2608 1086 2674 quae

137 2689 179 2752 de
204 2688 326 2777 inseris
349 2711 601 2755 ncenzereuturc
630 2691 762 2754 dircerso
782 2695 901 2755 itinere
927 2693 1037 2753 malos
1061 2711 1086 2752 a

138 2795 236 2856 bouis
252 2796 327 2858 loca
341 2813 441 2876 cetra,
462 2799 605 2876 inculca,
618 2795 729 2884 fhedo
746 2794 1086 2884 aiqueformidolosa

139 2899 269 2962 babere.
337 2902 463 2991 Itaque
483 2907 615 2968 cerisuic
636 2922 835 2966 recusans
862 2922 1003 2965 rouvre
1031 2914 1086 2963 1³¹(-

138 3025 378 3085 nmceunss,
403 3029 512 3072 11³s0s
538 3030 610 3072 ren
637 3026 857 3073 mumanae
888 3026 931 3066 us
957 3024 1087 3069 cvsTo·

139 3131 219 3172 n11s
249 3130 488 3192 nanaun033
526 3115 687 3178 videlicet
711 3116 848 3187 timeus,
881 3132 939 3186 ne,
968 3112 1001 3172 si
1017 3109 1087 3173 Ro·

140 3238 216 3278 mae
240 3218 323 3294 sint,
350 3238 414 3281 auc
437 3243 460 3282 a
480 3220 704 3308 pepubuibus
730 3217 996 3294 coniurationis,
1025 3231 1090 3277 auc

137 3343 161 3382 a
179 3321 401 3387 multitudiue
414 3327 580 3389 emulucta
592 3346 656 3413 per
671 3325 746 3385 vim
764 3323 962 3408 eripiantur.
993 3321 1088 3408 Qua·

136 3429 169 3487 si
189 3449 270 3488 vero
295 3416 384 3491 rnali
401 3449 504 3519 atque
527 3431 658 3494 scelesti
681 3426 916 3491 caricum-modo
936 3429 974 3487 ia
990 3425 1085 3502 vrbe,

137 3546 172 3592 ec
201 3552 271 3593 aon
305 3556 369 3619 per
393 3554 499 3600 coram
535 3535 679 3598 Italiam
696 3536 801 3606 -sint;
846 3549 910 3594 auc
939 3552 1010 3592 non
1039 3530 1089 3591 ibi

133 3635 215 3718 plus
233 3643 343 3722 possit
366 3641 531 3720 audacia,
571 3640 633 3706 vbi
659 3639 708 3703 ad
731 3636 983 3726 discindendum
1010 3658 1087 3723 opes
