2258 3998
43 642 263 767 ‘Ingredienti
288 676 368 741 milri
389 668 618 748 tunctorum,
650 678 710 765 qui
732 693 778 741 est
800 674 841 757 rie
863 654 1012 763 varietati

54 776 198 837 lectionis
214 789 313 836 textus
337 774 530 846 Sallustiani,
554 775 750 859 propositum
766 762 889 836 nonest
904 762 1014 839 omnes

54 878 200 955 repetere
225 872 427 941 diuersitates,
454 868 529 965 q'uas
556 871 709 944 industria
729 874 928 953 superiorum
951 873 1015 935 edi·

47 955 171 1038 'torum
200 969 342 1051 inprimis
369 970 500 1031 Wassii
522 969 702 1051 Cortiique,
731 966 873 1052 collegit;
900 954 1013 1051 verum

54 1068 93 1127 iis
117 1065 214 1126 m'odo
242 1062 422 1133 inhaerere,
456 1050 539 1147 quae
566 1084 632 1124 non
661 1065 727 1124 siue
750 1081 858 1146 aperta
882 1062 956 1126 vitia
980 1054 1015 1137 ll·

45 1160 244 1233 'brariorurm
271 1161 338 1221 siue
351 1158 466 1242 glossae
480 1160 778 1232 Grammaticorum,
802 1163 869 1221 siue
885 1163 1013 1225 tandem

57 1256 260 1323 coniecturae
275 1248 473 1318 eruditorum
500 1259 574 1327 sint,
602 1272 656 1318 aut
678 1256 719 1317 de
744 1258 858 1339 quibus
880 1258 1016 1342 amplius

54 1355 209 1436 disputari
226 1350 329 1434 possit.
371 1352 466 1413 Vnde
487 1355 581 1413 etiam
606 1354 771 1437 acquiesro
789 1355 889 1415 corcis·
902 1352 1014 1417 doctri·

55 1471 117 1512 nae
142 1452 176 1509 in
190 1432 346 1530 plurimis,=
375 1468 456 1530 quae
474 1469 513 1507 ex
528 1462 615 1511 textu
638 1448 740 1520 eiecit,
764 1463 925 1531 tamquam
946 1438 1014 1515 bre·

53 1546 144 1608 vitati
155 1545 290 1606 Sallustii
303 1546 433 1626 eiusque
446 1542 578 1625 abrupto
594 1546 730 1605 sermoni
744 1549 923 1619 contraria„
936 1569 1014 1631 qua·

55 1660 147 1705 tenus
166 1663 231 1703 non
242 1640 335 1723 plane
359 1642 512 1703 deseritur
523 1640 562 1701 ab
575 1640 760 1725 auctoritate
772 1640 874 1703 Codd.
897 1660 952 1727 aut
961 1644 1014 1706 ob-

54 1741 197 1802 scuritati
217 1736 475 1821 ambiguitatique
488 1730 601 1799 locum'
611 1735 701 1806 facin
724 1758 820 1820 quam
835 1753 1012 1823 vtramque,

54 1828 217 1897 iudicante
232 1833 435 1917 Quintilrirno
448 1834 488 1895 X.
507 1855 532 1893 1.
549 1832 588 1893 ab
600 1830 753 1904 Sallustio,
772 1837 1014 1919 quamuis'pres·

55 1952 92 1994 to
118 1945 212 2013 atque
235 1933 371 2001 concis0,
398 1928 492 2014 longe
508 1927 652 1997 abfirisse,
679 1950 883 2015 magnacum
902 1934 1014 2007 soteris

56 2020 124 2088 eius
147 2018 215 2086 laus
240 2040 292 2086 est.
346 2028 387 2086 Et
412 2026 604 2086 seruabirnus
628 2027 722 2085 etiam
745 2048 791 2097 ea,
820 2049 901 2111 quae
925 2050 1013 2091 mere

56 2125 100 2185 sd
115 2124 326 2204 antiquiorem
350 2124 536 2204 scripturam
559 2121 727 2204 pertinent,
756 2123 855 2185 indici
879 2123 1013 2187 latinita-

57 2222 105 2281 tis.
160 2220 274 2301 Itaque
296 2218 438 2279 adrem.

382 2346 682 2434 curratur

117 2464 193 2546 pt.
216 2482 257 2522 ne
274 2477 461 2524 transeant:
480 2464 574 2545 pauci
587 2461 641 2523 alii
656 2462 848 2542 transigant,
864 2465 1014 2545 quemad·

58 2561 191 2623 modum
206 2580 280 2622 mox
292 2583 323 2642 p.
344 2560 373 2622 5.
416 2560 477 2619 Sed
491 2561 552 2620 hoc
567 2556 649 2619 male
660 2574 691 2619 et
707 2562 814 2619 contra
829 2565 1014 2623 sententiam

57 2673 156 2739 atque
177 2656 317 2717 studium
339 2654 473 2717 Sallustii
496 2656 530 2715 in
548 2657 737 2736 proprietate
760 2656 929 2716 verborum
955 2681 1014 2719 ser·

58 2755 178 2823 venda,
216 2772 290 2812 cum
314 2736 452 2814 transire
474 2753 586 2819 vitam,
612 2752 650 2811 sit
674 2771 797 2834 semper
820 2773 931 2814 eorum
957 2759 1013 2839 qui

57 2849 138 2911 nihil
165 2847 293 2910 homine
319 2849 451 2932 dignum
478 2864 585 2930 agant,
610 2863 644 2908 vt
664 2868 796 2928 pecora3
823 2857 1012 2931 transigere,

58 2950 154 3025 etiam
165 2944 265 3006 multa
279 2966 302 3005 s.
321 2944 403 3005 bene
416 2948 538 3027 agendo
556 2966 625 3005 eam
638 2964 823 3006 consumere
839 2949 1014 3030 significare

58 3045 163 3126 possit,
193 3057 226 3102 et
247 3043 286 3102 sit
303 3042 436 3103 verbum
462 3062 561 3113 puros:
583 3041 624 3101 cf.
648 3062 723 3102 mox
751 3042 792 3101 ad
812 3062 844 3123 p.
860 3043 888 3104 6.
934 3044 1015 3104 Con·

60 3138 201 3201 tulerunt
212 3158 287 3199 vero
306 3141 369 3199 iam
385 3137 437 3198 alii
450 3139 556 3218 quoad
568 3155 692 3199 sensnm
704 3139 861 3198 Senecam
876 3159 924 3220 ep.
940 3141 990 3221 93.

119 3256 150 3316 p.
168 3234 236 3295 ead.
263 3248 358 3313 neget
377 3255 435 3314 pro
450 3237 550 3316 viget,
578 3237 643 3296 vim
660 3251 757 3317 atque
771 3234 870 3297 robur
888 3238 1013 3317 accipit,

55 3331 231 3393 adiuuatur
253 3330 545 3411 corroboraturque.
601 3330 665 3390 Alii
690 3330 795 3411 plures
817 3345 895 3409 eget,
925 3350 962 3391 ac
988 3334 1014 3393 si

59 3428 185 3489 dixisset
205 3416 353 3505 indigens
365 3460 406 3475 -
421 3425 546 3505 indiget
550 3447 563 3495 ,⁰
587 3428 675 3509 quod
688 3428 758 3507 quis
778 3424 858 3486 ferat
873 3430 1014 3508 inprimis

56 3525 95 3583 in
113 3520 276 3582 Sallustio?
309 3524 383 3589 Fert
402 3536 505 3583 tamen
528 3538 560 3583 et
578 3538 684 3583 tuetur
707 3524 786 3583 adeo
807 3524 849 3583 in»
865 3525 1015 3609 singulari
1062 3572 1076 3599 χ

60 3637 193 3687 exomni
209 3617 343 3693 Cortius,
355 3620 495 3702 primum
508 3619 550 3683 ob
567 3639 753 3691 consensum
766 3618 905 3703 plurium
915 3622 1009 3686 roda
