2258 3998
126 110 168 198 14
378 107 822 181 oonrvnarro

453 268 531 336 CA
542 271 585 349 P.
621 270 734 335 XII.
823 328 827 333 .
922 308 927 317 ·

191 377 260 446 Sed
281 383 516 455 iuuentutem,
557 397 678 465 quam,
718 391 885 466 utsupra
907 376 1070 459 diximus,

125 482 294 565 illexerat,
319 481 446 562 multis
464 479 578 551 modis
597 479 688 546 mala
712 480 867 547 facinora
892 483 1069 549 edocebat.

124 590 176 656 Ex
195 588 265 656 illis
285 606 390 655 testes
418 566 680 676 signatoresque
700 585 801 653 falsos
830 589 1072 666 commodare3

124 694 244 773 fidem,
268 693 438 770 fortunas,
465 689 620 781 pericula
636 689 717 758 vilia
730 691 877 772 habere,
904 710 996 783 post,
1015 692 1075 759 vbi

124 822 249 866 eorum
266 799 395 864 famam
412 812 516 886 atque
532 796 704 887 pudorem
717 804 912 878 attriuerat,
943 805 1076 864 maiora

123 903 192 972 alia
213 903 417 994 imperabat
468 902 506 968 Si
527 925 643 968 caussa
668 902 833 992 peccandi
852 911 890 969 in
913 926 1075 993 praesens

124 1018 242 1078 minus
259 1007 484 1100 suppetebat,
510 1006 621 1073 nihilo
639 1016 754 1074 minus
774 1015 940 1101 insontes,
969 1014 1075 1075 sicuti

125 1131 255 1198 sontes,
282 1118 549 1190 circumuenire,
580 1111 746 1202 iugulare.
778 1113 923 1194 scilieet,
951 1138 995 1180 ne
1011 1137 1076 1204 per

125 1227 241 1287 otium
255 1235 502 1310 ,torpescerent
526 1241 649 1283 manus
669 1235 731 1284 aut
748 1226 895 1293 animus,
919 1229 1075 1310 gratuito

125 1334 244 1417 potius
275 1325 385 1391 malus
413 1341 517 1413 atque
544 1322 694 1390 crudelis
721 1341 803 1390 erat.
862 1328 927 1392 His
953 1332 1074 1392 amicis

125 1439 298 1520 sociisque
318 1427 467 1497 confisus
487 1429 649 1511 Catilina,
673 1430 780 1496 simul
798 1431 892 1521 quod
918 1455 974 1497 aes
996 1431 1076 1501 alie·

122 1554 212 1608 num
233 1559 299 1626 per
315 1542 427 1601 omnis
448 1551 556 1601 terras
576 1541 697 1625 ingens
723 1552 807 1617 erat,
838 1553 873 1602 et
894 1537 987 1629 quod
1006 1534 1077 1626 ple-

123 1651 224 1735 rique
243 1640 379 1709 Sullani
391 1639 533 1721 milites,
555 1639 682 1730 largius
703 1665 767 1706 suo
786 1649 848 1720 vsi,
871 1651 1075 1731 rapinarum
1101 1722 1105 1729 α

125 1766 161 1814 et
187 1753 353 1815 victoriae
378 1752 504 1813 veteris
525 1768 698 1811 memores
712 1745 830 1812 einile
859 1746 993 1814 bellum
1016 1770 1075 1813 ex-

126 1850 317 1943 op’tabant3
362 1851 615 1942 opprimundae
642 1851 856 1941 reipublicae
888 1853 1076 1920 consilium

125 1965 230 2050 oepit.
280 1959 320 2023 In
334 1956 432 2023 Italia
453 1955 570 2023 nullus
592 1964 775 2024 exereitus:
805 1957 858 2023 Cn
888 1961 1074 2048 Pompeius

124 2070 163 2130 iu
183 2070 344 2131 extremis
361 2071 462 2131 terris
482 2061 615 2129 bellum
635 2063 796 2153 gerebat:
826 2071 892 2154 ipsi
917 2064 1075 2130 consula·

125 2183 203 2234 tum
231 2168 379 2259 petundi
406 2192 530 2259 magna
560 2192 658 2259 spes:
699 2170 844 2234 Senatus
872 2168 961 2233 nihil
991 2194 1074 2235 sane
1103 2249 1108 2257 ,

124 2278 302 2342 intentus:
342 2290 439 2340 tutae
465 2272 741 2364 tranquillaeque
769 2298 822 2341 res
849 2297 968 2341 omnes
975 2300 985 2356 3
1012 2274 1074 2341 sed

124 2402 165 2446 ea
193 2400 332 2472 prorsus
361 2394 561 2470 opportuna
589 2377 769 2445 Catilinae.

433 2555 761 2639 aaa.rrrr

188 2696 301 2786 Igitur
321 2701 463 2761 circiter
484 2693 650 2763 Kalendas
671 2682 785 2762 Iunias
805 2697 844 2762 L.
872 2697 1016 2764 Caesare
1038 2715 1075 2765 et

123 2799 164 2865 C.
186 2798 312 2890 Figulo
334 2797 542 2867 Consulibus
561 2809 677 2891 primo
702 2800 856 2891 singulos
877 2803 1068 2893 adpellare:

122 2906 258 2972 hortari
285 2904 389 2985 alios,
414 2903 498 2971 alios
525 2922 675 2973 tentare:
711 2932 794 2998 opes
809 2933 898 2986 suas,
928 2916 1075 2998 impara-

123 3027 196 3075 tam
211 3010 482 3103 rempublicam,
508 3037 632 3103 magna
648 3019 803 3103 praemia
824 3021 1073 3080 coniurationis

122 3114 258 3183 docere.
307 3117 380 3185 Vbi
401 3124 481 3183 satis
507 3118 683 3209 explorata
703 3135 801 3195 sunt,
832 3142 920 3207 quae
940 3117 1071 3198 voluit,

123 3227 160 3284 in
177 3244 284 3287 vnum
303 3229 415 3289 omnis
431 3241 611 3291 conuocat.
639 3224 763 3314 quibus
779 3247 940 3289 maxuma
954 3246 1074 3291 neces·

121 3325 250 3406 situdo,
280 3345 317 3395 et
347 3327 542 3418 plurimum
570 3328 742 3394 audaciae.
792 3329 844 3393 Eo
875 3352 1074 3395 conuenere

123 3431 295 3499 Senatorii
310 3435 441 3500 ortlinis
456 3436 490 3500 P.
510 3432 680 3500 Lentulus
694 3434 792 3511 Sura,
810 3436 844 3498 P.
863 3434 1071 3513 Autronius,

120 3535 159 3598 L.
180 3535 314 3605 Cassius
329 3540 521 3630 Longinus,
552 3539 590 3605 C.
613 3539 801 3628 Cethegus,
821 3540 855 3602 P.
876 3555 912 3603 et
929 3541 1073 3606 Seruius

123 3639 251 3721 Sullae,
280 3644 397 3712 Seruii
410 3642 491 3726 filii,
516 3646 555 3712 L.
572 3645 829 3736 Vargunteius,
859 3646 903 3734 Q.
921 3645 1071 3728 Annius,

269 3802 297 3839 l
