2258 3998
289 100 784 197 ivc'varffluvu.
877 228 879 233 Ι
972 152 1013 221 ,ι

339 281 417 348 cA
429 284 472 349 P.
513 284 598 351 XX
606 284 733 351 VIII.

56 402 62 411 '
104 386 227 452 'Haec
249 400 354 477 atque
377 385 445 454 alia
466 388 710 458 huiuscemodi
731 414 834 483 saepe
849 390 1015 473 dicundo,

56 490 253 557 Memmius
275 490 407 582 populo
425 494 622 584 persuadet,
650 503 700 562 vti
719 496 758 562 L.
782 498 933 578 Cassius,
956 503 1018 589 qui

57 610 138 660 mm
156 595 302 661 Praetor
322 613 408 676 erat,
437 597 479 665 ad
499 588 701 689 Iugurtham
725 608 938 682 mitteretur,
963 608 1019 667 in-

58 706 234 790 terposita·
250 699 320 769 fide
341 700 492 792 publica,
520 705 667 772 Romam
685 705 829 772 duceret
836 732 846 787 ;
872 705 1018 800 ,quoia
1079 754 1083 763 .

58 800 164 871 cilius
190 803 318 871 indicio
338 814 446 897 regis,
474 809 594 877 Scauri
614 812 653 875 'et
673 809 901 901 reliquorum,
930 832 1018 903 quos

57 912 232 1001 pecuniae
252 927 375 1000 captae
398 913 626 993 arcessebant,
649 912 777 983 delicta
796 915 1013 1007 patefierent.

57 1015 159 1081 Dum
184 1014 271 1081 haec
301 1016 432 1081 Rornae
463 1036 652 1108 geruntur,
696 1024 755 1111 qui
786 1023 823 1087 in
852 1018 1018 1092 Numidia

55 1118 176 1185 relicti
202 1141 222 1185 a
245 1121 358 1186 Bestia
378 1126 543 1189 exercitui
569 1142 772 1213 praeerant;
803 1132 915 1195 secuti
940 1124 1017 1192 mo·

57 1246 138 1291 rem
160 1231 397 1314 imperatoris,
433 1228 584 1318 plurima
611 1247 646 1295 et
671 1228 948 1321 flagitiosissuma
974 1230 1020 1296 fa·

58 1333 183 1395 cinara
206 1330 330 1396 fecere.
401 1333 530 1414 Fuere,
570 1339 631 1425 qui
655 1358 742 1401 auro
770 1338 928 1425 corrupti
953 1335 1019 1401 ele·
1054 1414 1057 1422 Ι

58 1434 214 1525 phantos
236 1434 423 1524 Iugurthae
447 1439 625 1504 traderent
632 1464 641 1518 ;
670 1438 728 1504 alii
751 1440 913 1530 perfugas
935 1460 1020 1506 ven-

59 1540 172 1619 dere;
193 1565 290 1632 pars
319 1565 360 1607 ex
392 1549 523 1631 pacatis
548 1543 690 1633 praedas
717 1544 875 1635 agebant.
923 1540 1020 1611 tanta

59 1653 116 1716 vis
148 1652 315 1712 auaritiae
352 1653 390 1711 in
424 1652 555 1713 animos
590 1671 730 1729 eorum,
766 1648 874 1717 veluti
909 1646 1016 1729 tabes,

61 1760 250 1819 inuaserat.
314 1752 363 1819 At
387 1752 536 1833 Cassius,
566 1752 699 1844 perlata
725 1758 950 1845 rogationes
976 1754 1014 1821 C.

61 1860 256 1939 Memmio,
294 1881 334 1923 ac
356 1857 515 1948 perculsa
542 1865 639 1924 omni
665 1858 864 1938 nobilitate,
892 1857 935 1924 ad
962 1861 1020 1925 Iu·

57 1964 229 2055 -gurtbam
249 1960 499 2052 proficiscitur3
525 1966 557 2029 ei
581 1963 704 2029 timido
727 1980 763 2029 et
783 1987 824 2030 ex
840 1966 1019 2031 conscien'-

62 2073 115 2136 tia
142 2068 316 2135 diffidenti
341 2068 443 2134 rebus
471 2073 540 2135 suis
569 2068 769 2158 persuadet:
807 2093 876 2160 quo
899 2093 935 2134 se
956 2092 1020 2158 po·

58 2178 149 2267 pulo
160 2176 320 2241 Romano
334 2175 529 2257 dedidisset,
545 2198 590 2238 ne
607 2178 693 2252 uim,
710 2196 817 2266 qraam
834 2178 1021 2240 mirericor-

62 2282 174 2360 diam,
201 2284 351 2370 experiri
362 2281 490 2344 mallet.
539 2278 707 2345 Priuatim
721 2277 1021 2369 praetereafidem

63 2406 166 2453 suam
192 2388 395 2475 interponit,
428 2368 612 2472 quam'ille
633 2406 704 2448 non
729 2385 884 2461 minoris,
914 2406 1021 2474 quam

63 2488 244 2582 publicam
269 2488 426 2556 ducebat.
461 2486 536 2556 talis
563 2512 604 2556 ea
626 2502 836 2580 tempestate
859 2487 952 2559 fama
977 2487 1022 2555 de

64 2598 194 2663 Cassio.

378 2701 456 2769 CA
469 2703 512 2767 P.
557 2700 720 2767 XXIX.

133 2807 247 2897 Igitur
266 2805 451 2897 Iugurtha,
476 2822 598 2872 contra
623 2805 727 2872 decus
745 2808 896 2897 regium,
925 2802 1023 2872 cultu

64 2934 174 3005 quam
198 2929 359 2978 maxume
382 2908 593 2989 miserabili,
623 2933 703 2976 cum
734 2910 849 2978 Cassio
873 2910 1023 2978 Romam

63 3021 172 3084 venit.
216 3017 299 3084 .Ac
335 3023 474 3082 tametsi
507 3020 545 3082 in
575 3019 650 3106 ipso
681 3038 805 3104 magna
837 3019 887 3084 vis
916 3019 1022 3083 animi

42 3135 155 3201 arat,
186 3119 411 3189 confirmatus
430 3121 472 3191 ab
497 3120 671 3200 omnibus,
699 3142 848 3211 quorum
866 3125 1024 3211 potentia

66 3240 128 3295 aut
154 3224 286 3296 scelere
314 3242 440 3292 cuncta
467 3241 637 3317 gesseram
666 3227 704 3292 C.
726 3224 893 3291 Baebium
919 3224 1024 3290 tribu·
1121 3240 1123 3244 ·

28 3402 31 3407 ,
65 3352 155 3403 num
181 3329 293 3421 plebis
318 3354 443 3420 magna
468 3329 631 3397 mercede
654 3343 765 3420 parat,
794 3334 892 3395 cuius
916 3332 1025 3419 impu·

65 3434 186 3503 dentis
210 3442 404 3503 contraius
430 3453 467 3502 et
492 3441 635 3503 iniurias
659 3438 772 3499 omnis
794 3436 949 3501 munitus
970 3432 1024 3498 fo·-

66 3556 133 3605 ret.
160 3539 211 3607 At
227 3538 266 3605 C.
290 3542 492 3621 Memmius,
519 3540 687 3608 aduocata
703 3541 882 3617 concione,
910 3560 1027 3630 quam·

64 3647 279 3735 quam‘regi
303 3644 430 3714 infesta
459 3645 578 3739 plebes
603 3660 690 3726 erat,
721 3658 757 3711 et
782 3662 864 3737 pars
887 3647 929 3712 in
951 3646 1031 3709 uin
1088 3721 1090 3725 .
