2258 3998
131 112 175 178 ab
401 108 815 180 CONIVRATIO
884 122 888 129 '

130 270 300 356 quoniam
314 265 473 357 factioni
495 269 717 332 inimicorum
741 268 891 331 resistere
918 267 1096 357 nequitae·

130 375 187 451 rit,
205 370 376 462 fortunae
401 370 525 452 codem,
550 372 751 439 Massiliam
772 375 811 434 in
836 372 986 436 exilium
1008 394 1087 461 pro·

118 477 254 566 ficisci:
284 500 357 541 non
381 500 450 567 quo
475 478 542 541 sibi
561 481 655 541 tanti
671 477 805 542 sceleris
825 479 998 555 wntcists,
1025 476 1089 543 ted

128 587 185 647 vti
210 583 400 671 respublica
423 586 542 672 quieta
562 582 686 672 firret3
726 603 813 645 neue
840 603 887 645 ece
911 602 978 645 sm
1001 602 1090 675 con«

129 691 280 752 tentione
302 687 423 752 seditio
447 690 601 752 oriretur.
650 684 784 751 Ab-his
809 682 911 774 longe
929 684 1086 751 diuersas

129 789 297 874 (litteras)
324 791 366 878 Q.
399 790 544 858 Catulus
571 797 610 856 iu
628 790 759 857 Senatu
786 795 968 869 recitauit,
997 812 1087 881 quas

127 895 193 961 sibi
221 901 366 961 nomine
390 895 563 963 Catilinae
591 894 745 964 redditas
776 894 923 962 dicebat.
960 916 1086 963 earum

127 996 327 1090 exemplum
353 1000 649 1093 infrascriptum.

436 1138 568 1247 cel).
605 1178 781 1275 xxxa.

192 1319 231 1385 L.
266 1320 422 1386 Catilina
458 1321 498 1410 Q.
529 1322 653 1386 Catule
677 1321 711 1387 S.
740 1321 892 1407 Egregia
915 1336 977 1384 tua
986 1316 1097 1407 fidet

126 1447 163 1489 re
182 1429 331 1512 cognita,
351 1442 490 1512 gratam
511 1430 549 1490 in
569 1429 709 1514 magnis
724 1426 890 1515 pericqu
903 1424 1083 1513 fiduciam

125 1532 417 1597 commendationi
443 1554 539 1595 meae
563 1534 695 1596 tribuit.
770 1530 999 1620 Quamobrem
1028 1530 1083 1594 de·

113 1636 316 1728 sensionem
343 1640 381 1698 in
410 1659 501 1701 nouo
525 1638 669 1701 consilio
696 1659 767 1699 non
797 1639 906 1700 stanti
932 1654 1081 1725 parare:

124 1738 396 1831 satissttctionem
426 1763 472 1804 ex
513 1741 614 1805 nulla
651 1742 860 1806 conscientia
895 1740 939 1804 de
975 1740 1083 1828 culpa

119 1866 309 1935 proponere
328 1844 489 1910 decreti:
517 1868 625 1935 quarn
645 1868 698 1911 me
716 1848 810 1911 Dius
824 1845 940 1932 fidius
957 1864 1082 1908 sterant

125 1953 206 2018 licet
232 1971 409 2036 agrtoscas.
480 1951 628 2015 Iniuriis
658 1953 941 2039 contumeliisque
968 1950 1082 2014 conci·

124 2073 231 2136 tanat,
268 2058 365 2146 quod
381 2055 509 2147 fructu
542 2057 668 2120 labens
699 2058 957 2143 industriaeque
981 2074 1080 2118 meae

118 2163 291 2251 priuatas,
319 2178 449 2227 statum
471 2164 654 2250 dignitatis
673 2185 745 2226 non
772 2160 983 2238 obtinebam,
1007 2182 1078 2247 pu·

123 2266 249 2331 blicam
277 2268 478 2333 miserorum
503 2289 680 2346 caussam,
705 2288 770 2357 pro
798 2287 875 2329 mea
902 2280 1077 2329 consueta

121 2372 213 2448 dine,
238 2377 371 2462 suscepi
381 2397 392 2435 .·
415 2395 486 2435 non
504 2376 593 2461 quin
611 2394 669 2437 aes
688 2374 845 2436 alienum
866 2373 950 2433 meis
967 2370 1077 2445 nomi}

121 2479 223 2540 nibus
242 2499 288 2541 eac
303 2479 569 2567 possessionibus
585 2478 715 2542 soluere
726 2498 858 2565 possem
864 2499 879 2550 ,·
902 2496 982 2539 tum
992 2474 1076 2539 alte·

121 2585 177 2644 nis
209 2583 407 2645 nominibus
433 2582 622 2646 liberalitas
653 2582 835 2646 Orestillae
862 2578 1075 2667 sues-sthat-

120 2710 188 2776 que
220 2690 325 2775 copiis
355 2687 584 2775 persoluerets
627 2686 688 2751 sed
720 2686 815 2775 quod
844 2708 917 2749 non
948 2684 1075 2771 dignes

121 2793 276 2855 homines
289 2791 417 2854 honore
431 2790 625 2856 honestatos
641 2791 802 2855 videbam
806 2837 817 2869 ,
839 2802 959 2879 meque
967 2786 1073 2878 salsa

119 2898 310 2983 suspicione
336 2896 528 2960 alienatum
555 2897 749 2961 sentiebam.
821 2894 899 2958 Hoc
929 2898 1073 2959 nomine

117 3004 202 3064 satis
226 3001 384 3064 honestas
401 3023 466 3090 pro
490 3024 563 3066 meo
584 3024 667 3065 casu
688 3023 761 3089 spes
782 2999 934 3088 reliquae
952 2998 1072 3085 digni-

119 3109 199 3170 tatis
236 3106 491 3170 conseruandae
520 3129 598 3169 sum
631 3122 772 3170 secutus.
844 3105 957 3169 Plura
989 3126 1073 3169 cunt

117 3212 258 3275 scribere
281 3211 424 3292 vellem,
465 3214 671 3276 nunciatum
698 3228 765 3287 est,
794 3212 869 3274 vim
894 3210 984 3274 milti
1002 3232 1071 3298 pa-

118 3319 197 3379 rari.
246 3315 357 3383 Nunc
376 3317 576 3383 Orestillam
598 3316 795 3381 commendo
814 3332 962 3404 tuaeque
976 3315 1074 3401 fidei

116 3420 224 3485 trade.
259 3442 338 3486 eam
356 3422 400 3484 ab
423 3425 557 3489 iniuria
573 3419 748 3512 defendas,
773 3442 837 3510 per
853 3420 974 3486 liberes
992 3436 1072 3486 taos

118 3544 262 3613 rogatus.
292 3527 424 3592 nauem
