2250 3998
355 101 806 177 cartutuuain
1013 62 1055 196 ,ἐι

101 270 217 356 spatio
235 275 439 344 nouaretur,
465 261 704 346 Triumuiros,
734 289 823 356 quae
842 269 1058 361 supplicium

102 366 319 462 postulabat,
345 390 468 458 parare
494 369 726 461 iubet31pse,
756 371 929 464 dispositis
956 401 1057 467 prae·

102 475 213 554 sidiis,
240 471 433 539 Lentulum
451 480 489 538 in
510 494 687 549 carcerem
712 475 870 545 deducit:
900 479 995 547 idem
1015 480 1058 557 fit

103 586 229 648 ceteris
243 602 308 669 per
318 579 505 645 Praetores.
546 579 607 646 Est
623 576 721 647 locus
735 588 773 646 in
787 606 936 666 carcere,
962 587 1058 677 quod
1116 602 1118 607 '

102 685 314 755 Tullianum
340 681 556 781 adpellatur,
585 683 645 753 vbi
664 685 867 776 paullulum
895 692 1057 775 escende-

101 799 150 859 ris
178 791 223 857 ad
250 788 397 869 laeuam,
438 795 580 857 circiter
606 790 794 861 duodecim
819 793 926 884 pedes
956 790 1058 875 humi

101 898 297 988 depressius.
344 895 436 961 Eum
456 902 624 962 muniunt
641 896 793 988 undique
812 907 974 990 parietes,
1004 919 1056 971 at·
1099 978 1117 997 ι,

103 1027 173 1094 que
200 1008 344 1090 insuper
365 1022 510 1080 camera,
538 999 682 1090 lapideis
704 1003 895 1072 fornicibus
916 1013 1032 1073 vincta
1044 1033 1056 1087 ς

102 1107 164 1174 sed
179 1103 328 1184 incultu,
349 1104 525 1186 tenebris,
555 1106 662 1172 odore
681 1107 782 1174 foeda
798 1127 902 1201 utque
917 1111 1057 1178 terribi-

45 1236 50 1245 ·
100 1213 145 1291 lis
168 1219 242 1278 eius
260 1211 364 1277 facies
384 1228 444 1277 est.
493 1212 535 1277 In
555 1219 637 1278 eum
656 1209 774 1279 locum
792 1233 977 1307 postquam
1002 1218 1057 1286 de·

100 1326 227 1393 missus
240 1314 426 1395 Lentulus„
442 1316 566 1406 quibus
582 1336 810 1409 praeceptum
825 1339 910 1402 erat,
930 1322 1058 1413 laqueo

100 1423 222 1515 gulam
239 1422 383 1512 fregere.
433 1422 488 1485 Ita
504 1419 565 1487 ille
585 1429 771 1511 patricius,
799 1448 839 1491 ex
858 1423 1057 1506 clarissuma

98 1545 208 1618 gente
247 1525 517 1606 Corneliorum,
545 1533 621 1616 qui
650 1526 830 1593 consulare
865 1535 1057 1620 imperium

99 1637 234 1720 Romae
248 1630 439 1711 habuerat,
468 1629 615 1720 dignum
629 1633 785 1699 moribus
800 1633 970 1726 factisque
985 1642 1057 1703 suia
1094 1676 1097 1681 ·

99 1747 250 1806 exitium
277 1745 369 1807 vitae
394 1743 538 1803 inuenit.
609 1737 664 1804 De
694 1737 866 1831 Cethego,
895 1739 1054 1823 Statilio,

103 1846 281 1926 Gabinio,
323 1845 493 1935 Coepario
531 1840 657 1911 eodem
696 1843 802 1919 modo
840 1843 1056 1937 supplicium

97 1968 269 2020 sumtum.
306 2014 309 2020 ,
935 1988 940 1993 ·

436 2126 568 2194 ΟΑΡ.
609 2126 715 2193 LII.

168 2269 266 2337 Dum
287 2290 328 2335 ea
350 2268 484 2341 Romae
501 2282 691 2356 geruntur,
720 2265 869 2334 Catilina
894 2291 934 2333 ex
956 2276 1055 2336 omni

94 2381 217 2466 eopia,
244 2398 348 2465 quam
366 2389 403 2439 et
429 2379 504 2463 ipse
533 2371 733 2452 adduxerat,
760 2388 796 2439 et
815 2372 968 2439 Manlius
993 2376 1054 2441 ha·

99 2480 244 2559 buerat,
269 2479 356 2561 duas
384 2476 537 2569 legiones
564 2484 719 2557 instituit
730 2504 741 2559 3
769 2479 958 2559 ¹cohortes,
987 2503 1055 2571 pro

95 2608 253 2653 numero
278 2583 455 2665 militum,
472 2583 647 2674 complet:
674 2584 818 2668 deinde,
843 2601 881 2654 vt
907 2591 1055 2677 quisque

98 2690 330 2769 uoluntarius,
364 2688 425 2765 aut
442 2715 483 2757 ex
496 2697 596 2757 sociis
615 2697 653 2757 in
667 2708 778 2757 castra
790 2697 898 2770 venit,
928 2712 1054 2780 aequa·

100 2797 186 2864 liter
200 2796 425 2863 distribuerat
431 2821 441 2875 3
469 2820 509 2862 ac
521 2795 620 2862 breui
638 2801 750 2884 spatio
763 2792 916 2885 legiones
934 2817 1053 2861 nume·

100 2927 143 2970 ro
156 2902 339 2977 hominum
350 2899 571 2990 expleuerat,
601 2923 683 2971 cum
697 2906 800 2967 initio
814 2924 885 2967 non
900 2899 1053 2992 amplius

101 3008 237 3089 duobus
260 3005 414 3073 millibus
440 3007 623 3074 habuisset.
673 3004 742 3071 Sed
766 3013 925 3073 exomni
951 3011 1053 3097 copia

101 3120 245 3181 circiter
270 3135 348 3204 pars
381 3129 510 3202 quarta
531 3129 607 3179 erat
632 3111 840 3184 militaribus
867 3118 970 3177 armis
999 3115 1051 3176 in·

100 3236 253 3299 structa,
291 3224 423 3297 ceteri,
458 3236 495 3286 vt
520 3241 694 3311 quemque
720 3241 817 3285 casus
842 3229 1050 3301 armauerat,

101 3319 232 3417 sparos,
261 3322 485 3404 autlanceas,
518 3323 578 3397 alii
594 3338 794 3415 praeacutas
813 3321 913 3388 sudes
932 3336 1051 3409 porta·

102 3431 192 3497 bant.
243 3428 312 3495 Sed
332 3433 516 3519 postquam
533 3430 706 3497 Antonius
727 3451 809 3494 cum
827 3433 980 3493 exercitu
996 3425 1050 3507 ad·

101 3528 283 3617 ventabat,
324 3531 473 3601 Catilina
499 3559 564 3626 per
590 3541 718 3605 montis
752 3539 821 3598 iter
844 3531 975 3613 facere,
1006 3530 1051 3599 ad
1118 3570 1120 3575 ·

101 3639 372 3721 unemundus
383 3639 489 3711 inodo
506 3646 543 3709 in
559 3639 714 3716 Galliam
728 3661 845 3711 tersus
858 3655 1058 3719 castrame-

580 3746 663 3823 Da
