2258 3998
17 33 188 194 (Ass
265 153 271 164 .
404 84 791 175 uacansto

122 289 186 353 que
194 266 304 329 vrbem
310 264 464 348 Ligurum
474 267 590 326 virtute
601 279 733 347 captam,
747 263 984 346 nequeregium
993 261 1081 345 palo.

118 366 201 426 tium
224 365 374 432 nominat,
395 364 512 445 inquo
530 361 716 443 occupando
728 358 974 431 aberatMarius,
1002 381 1079 421 cum

121 459 217 544 legati
232 458 380 520 Bocchi
370 480 405 518 ιιι
426 478 539 540 campo
557 459 772 518 Romanorum
796 454 1020 525 adueniebant;
1046 471 1080 530 et

121 572 284 641 praeterea
294 555 506 637 captiuitatem
519 553 706 637 Iugurthae,
736 555 801 613 eiua
810 554 846 611 in
861 571 972 612 manus
982 551 1081 613 Marii

121 652 333 720 traditionem,
358 651 554 732 triumphum
572 651 637 710 de
631 671 672 711 eo
692 638 855 709 actum-
832 647 954 708 haec
971 650 1081 711 omnis

113 748 309 808 'incuriosius
331 761 462 815 enarrat,
487 761 522 806 ιι
544 748 600 828 qui
616 766 653 807 ea
669 745 767 806 modo
788 745 896 826 tangit,
920 757 963 815 et,
985 759 1020 804 vt
1035 745 1080 808 iu

122 844 237 912 dicam,
271 843 449 902 summatim
472 843 633 912 delineat,
652 861 735 923 quae
754 841 902 921 deinceps
924 841 1080 921 copiosius
1103 877 1112 886 ·

121 939 283 1000 tractanda
310 939 369 998 sibi
394 936 551 1021 proponit
576 937 610 1018 l)
670 937 759 997 Nihil
782 936 909 997 taudem
934 936 1015 996 dicit
1029 936 1081 998 'do

109 1036 208 1097 ⁴exitu
221 1033 402 1117 Iugurthae,
413 1054 509 1116 quam
522 1036 656 1116 quidam-
669 1036 843 1095 existimant
851 1034 978 1114 periisse
994 1031 1080 1094 famo

120 1147 216 1212 atque
237 1127 355 1216 frigore
372 1135 405 1191 in
423 1132 494 1192 loco
512 1130 731 1200 subterraneo,
765 1129 817 1190 alii
839 1131 1079 1210 praecipitatum

120 1227 215 1290 fluisse
239 1227 279 1288 de
301 1244 409 1290 monte
427 1219 574 1312 Tarpeio,
597 1247 703 1291 rursus
724 1226 779 1290 alil
796 1224 1021 1310 strangulatum
1042 1227 1079 1287 iu

120 1342 257 1386 tueare.
280 1322 331 1407 ”l

158 1480 187 1550 1)
208 1481 311 1539 Nesus
333 1502 368 1537 an
390 1503 447 1538 non
461 1485 534 1563 ipse
537 1486 618 1540 etiam
640 1480 701 1539 finis
714 1483 854 1538 totius-
873 1499 905 1536 ea
872 1448 1080 1565 tmpestals

192 1594 283 1615 -ι-
304 1573 335 1623 in
358 1570 408 1625 illo
430 1575 557 1625 sitae—
579 1576 659 1628 nimis
681 1571 810 1646 abruptus
833 1542 882 1633 sit,
910 1585 941 1624 vt
964 1566 1079 1644 amplius

193 1654 260 1731 quid
277 1659 383 1711 animus
407 1660 526 1712 intentus
548 1662 621 1733 operi
642 1672 774 1732 expectet.

158 1741 202 1809 Ν)
221 1741 519 1803 Antecedentiaomnia
536 1749 673 1801 verissime
694 1744 765 1798 dicta
785 1742 853 1798 mihi
872 1716 1077 1809 esseviddntur,

95 1840 102 1857 ¹
193 1846 225 1884 ιι
237 1834 258 1884 si
272 1850 328 1886 non
340 1830 499 1887 indecorum
510 1847 601 1887 tamen
611 1853 667 1888 non
678 1850 787 1885 necesse
798 1845 839 1885 ιιι
842 1829 975 1884 iudicium
985 1849 1079 1885 meum

192 1917 383 1993 qualecunque
408 1921 585 1992 interponere.
624 1920 693 1973 Vtar
710 1923 799 1992 itaque
819 1919 907 1972 solum
922 1918 1002 1972 huius
1023 1917 1079 1975 locl

191 2008 402 2080 opportunitate,
415 2007 488 2080 quasi
500 2009 651 2080 praecipere
664 2005 804 2079 quaedam,
817 2024 884 2080 quae
896 2004 930 2058 ad
942 2004 1078 2058 illustran-

193 2088 260 2149 dum
277 2108 438 2148 contextum
454 2092 571 2146 Sallustii
584 2095 701 2150 maxime
712 2096 844 2167 pertinere
857 2089 993 2146 videntur.
1021 2093 1081 2146 Pan

191 2197 241 2234 mo
251 2183 340 2254 itaque
357 2183 510 2237 communis
519 2184 668 2235 sententiae
683 2181 763 2245 ratio,
784 2199 817 2236 ex
828 2199 880 2253 qua
888 2179 1004 2235 Catilina
1014 2194 1078 2235 ants

192 2267 352 2340 Iugurtham
372 2272 487 2344 scriptus
504 2285 561 2320 essa
582 2283 720 2330 censetur,
741 2287 797 2321 non
812 2267 876 2321 inde
893 2265 976 2321 modo
992 2283 1076 2340 patet.

192 2353 266 2428 quod
286 2358 315 2408 in
334 2353 421 2430 praef
438 2375 464 2430 p.
478 2355 504 2408 5.
523 2358 650 2408 statuisse
661 2374 688 2407 se
701 2353 766 2408 dicit
784 2373 923 2409 romanam
935 2353 1076 2409 historiam

189 2456 240 2517 per
259 2457 347 2516 partes
369 2441 536 2503 describere,
565 2454 692 2514 tanquam
716 2440 749 2495 de
769 2445 905 2517 proposito
925 2459 1000 2494 nunc
1023 2444 1079 2515 pri·

190 2547 269 2583 mum
285 2528 455 2616 exequendo,
481 2546 576 2584 verum
592 2530 672 2582 etiam
686 2527 787 2602 quod'
781 2531 859 2583 initio
874 2527 1018 2599 Iugurthae
1033 2547 1078 2582 ax·

191 2612 359 2673 cusationem
386 2616 477 2671 studio
503 2634 553 2695 suo
574 2633 665 2690 parare
693 2618 886 2690 susceperitp
912 2616 955 2669 60.
981 2615 1025 2668 61
1047 2630 1079 2671 ιι

190 2702 355 2759 sumendum
375 2706 409 2757 sit
431 2706 480 2776 ipsi
502 2717 563 2777 post
584 2700 689 2756 editum
710 2701 854 2757 Catilinam
870 2701 924 2756 hoc
945 2722 962 2756 a
983 2702 1078 2759 multis

190 2770 382 2866 exprobratum
398 2791 490 2847 fuisse.
530 2789 625 2844 Sumto
649 2809 714 2842 vero
735 2790 789 2843 hoc
810 2808 890 2863 porro
906 2791 996 2842 mirari
1016 2808 1077 2863 pos·

188 2879 234 2940 sis,
257 2875 396 2951 quomodo
407 2879 435 2930 in
449 2879 537 2952 priore
549 2875 664 2930 Catilina
678 2874 767 2930 dicere
779 2880 907 2950 potuerit,
928 2897 957 2929 se
972 2877 1079 2950 regredi,
1105 2910 1108 2914 -

187 2963 230 3019 ad
253 2968 390 3038 inceptum
414 2979 441 3018 et
468 2966 542 3038 quasi
565 2982 612 3036 per
638 2963 740 3037 aliquot
761 2980 869 3038 tempus
891 2967 1077 3018 intermissum

187 3050 327 3114 studium
352 3067 433 3127 atque
447 3068 596 3125 praeterea,
619 3051 692 3105 vnde
703 3055 833 3115 euenerit,
856 3067 886 3105 vt
902 3053 930 3103 in
946 3050 1028 3124 prael.
1041 3049 1078 3103 ad

188 3137 348 3214 Iugurtham
365 3139 444 3214 plane
459 3139 536 3197 nulla
549 3141 640 3213 scripti
656 3141 708 3194 iam
728 3137 859 3193 Catilinae
885 3140 988 3192 mentio
1006 3137 1078 3195 facts

188 3230 344 3302 reperiatur.
376 3227 461 3280 'Vnus
484 3225 592 3281 Curtius
616 3229 697 3300 priori
723 3225 876 3281 difficultati
893 3221 1078 3279 remouendas

188 3315 217 3369 id
229 3318 291 3390 agit,
317 3328 347 3366 vt
364 3310 435 3367 dicat
451 3331 560 3367 sensum
575 3333 643 3368 esse:
662 3314 695 3368 ab
706 3328 830 3389 suscepto
841 3316 873 3366 in
889 3312 1008 3368 hocloco
1020 3327 1077 3367 stu·

188 3400 257 3466 dio,¹
271 3420 335 3456 cum
345 3419 427 3475 praua
444 3402 555 3457 ambitio
567 3421 611 3457 nie
620 3401 750 3458 hacteuus
762 3400 932 3465 detinuisset,
956 3419 1030 3453 nunc
1040 3396 1077 3452 ad

187 3487 262 3543 idem
279 3487 422 3562 regredior.
478 3484 532 3542 Sed
551 3493 607 3542 non
628 3485 722 3552 docet,
748 3485 887 3565 quomodo
917 3485 970 3541 dici
992 3487 1077 3561 possit

187 3574 285 3650 aliquis
306 3574 408 3650 regredi
426 3574 461 3632 ad
478 3575 516 3642 id,
541 3575 616 3651 qnod
634 3595 709 3631 nunc
726 3579 844 3651 primurn
865 3576 984 3648 suscipit.
1017 3572 1076 3626 Ne·

189 3681 243 3738 que
256 3665 313 3739 ipse
327 3681 392 3722 vero
406 3682 497 3741 neque
508 3662 576 3723 alius
589 3667 768 3743 interpretum
780 3662 850 3719 vidit
862 3662 995 3742 posterius
1006 3678 1076 3734 quo·
