2258 3998
265 111 778 186 avovaruruvu.
950 134 1009 214 ω

381 270 460 357 ΟΛ
475 273 517 338 Ρ.
562 270 683 339 LXI.

126 375 212 443 Erat
241 389 422 467 praeterea
452 382 491 447 in
521 382 677 452 exercitu
709 390 828 443 nostro
860 373 1016 449 Numida

58 480 217 571 quidam,
262 487 406 548 nomine
445 480 588 561 Gauda,
629 479 874 547 Mastanabalis
907 478 1012 561 lilius,

58 583 263 652 Masinissae
280 608 406 676 ¹nepos,
436 610 542 677 quem
559 587 707 677 Micipsa
729 601 938 652 testamento
962 608 1016 653 se·

59 688 218 757 eundum
246 690 412 758 heredem
436 697 635 786 scripserat,
663 689 794 757 morbis
820 691 1013 771 confectus,

60 809 99 861 et
130 794 176 861 ob
204 816 281 862 eam
305 797 460 864 salissam
486 812 607 862 mente
630 794 788 886 paullum
813 801 1010 862 imminuta.

61 898 132 965 Cui
161 899 327 967 Metellus
354 907 509 992 petenti,
541 923 641 968 more
668 924 791 991 regum
818 908 869 967 vti
893 899 1016 989 sellam

60 1006 159 1070 iuxta
175 1021 343 1095 poneret,
370 1013 457 1073 item
481 1021 602 1096 postea
626 1005 803 1072 custodiae
825 1028 926 1072 causa
947 1021 1017 1099 ture

60 1131 158 1175 mam
181 1116 342 1200 equitum
367 1112 621 1190 Romanorum,
654 1127 839 1200 utrumque
867 1132 1018 1200 negauen

61 1228 135 1279 rat:
172 1214 354 1295 honorem,
383 1214 476 1305 quod
504 1224 628 1282 eorum
658 1216 764 1281 modo
789 1215 897 1294 foret,
930 1236 1017 1305 quos

61 1317 217 1412 populus
250 1319 424 1386 Romanos
461 1343 558 1409 rages
593 1318 851 1410 adpellauisset3
895 1325 1019 1409 praesi-

63 1423 188 1505 dium,
210 1452 213 1457 ·
233 1424 330 1514 quod
360 1424 654 1492 contumeliosum
681 1428 718 1489 in
749 1447 807 1491 eos
838 1425 949 1503 foret,
988 1429 1019 1491 si

61 1511 200 1621 eouites
226 1530 376 1595 Romani
402 1527 568 1596 satellites
586 1527 761 1597 Numidae
782 1527 1017 1596 traderentur.

62 1636 174 1703 Huuo
199 1635 334 1702 Marius
347 1676 350 1681 -
364 1640 505 1701 anxium
538 1634 738 1723 adgreditur
770 1649 875 1725 atque
901 1631 1022 1700 borta-

63 1758 142 1823 tur,
183 1747 234 1809 vti
266 1738 559 1807 contumeliarum
588 1746 807 1830 imperatoris
838 1761 920 1805 cum
955 1759 1021 1805 suo
1077 1763 1081 1767 ·

63 1843 195 1913 auxilio
218 1867 346 1937 poenas
373 1861 480 1936 petat.
514 1845 696 1911 hominem
719 1843 763 1910 ob
787 1844 926 1911 morbos
946 1848 1021 1910 ani-

62 1974 128 2021 mo
164 1974 290 2044 parum
322 1949 435 2018 valido
474 1950 626 2018 secunda
663 1956 822 2017 oratione
856 1948 1016 2016 extollit:

64 2061 172 2125 illum
195 2080 335 2144 regem,
357 2058 534 2143 ingentem
558 2060 694 2135 airum,
730 2059 941 2124 Masinissae
967 2080 1022 2122 ne-

59 2182 178 2258 potem
201 2186 288 2249 esse,·
313 2165 345 2226 si
360 2161 534 2249 Iugurtha
550 2177 679 2250 caperis,
706 2179 770 2225 aut
791 2166 930 2242 occisus,
957 2167 1021 2226 im·

60 2273 201 2362 parium
213 2267 408 2336 Numidiae
426 2270 501 2332 sine
519 2288 615 2356 prora
631 2267 849 2330 babituram:
881 2267 920 2330 id
936 2268 1022 2332 adeo
1064 2298 1068 2307 ¹

64 2393 203 2442 nautum
222 2397 320 2464 posse
346 2376 492 2452 euenire,
522 2375 554 2436 si
578 2375 648 2460 ipse
673 2373 795 2437 consul
817 2371 867 2436 ad
890 2372 929 2435 id
955 2373 1023 2438 bet-

65 2482 145 2547 lum
167 2482 290 2545 missus
306 2478 411 2569 foret.
471 2477 592 2569 Itaque
617 2491 654 2542 et
677 2473 795 2557 illum,
828 2491 864 2541 at
886 2482 1024 2566 equites

65 2586 262 2675 Romanos,
298 2581 433 2649 'milites
468 2598 505 2648 et
542 2588 775 2674 negotiatores
812 2579 897 2647 alios
934 2584 1020 2673 ipse,

64 2688 254 2783 plerosque
288 2711 365 2778 spes
396 2693 490 2778 pacis
516 2686 687 2778 impellit,
724 2692 776 2754 vti
802 2686 949 2753 Romam
979 2684 1026 2752 ad·

66 2818 149 2863 suos
183 2799 392 2859 necessarios
420 2815 540 2884 aspere
571 2799 609 2858 in
639 2790 827 2858 Metellum
858 2789 902 2858 de
929 2788 1024 2858 bello

56 2898 240 2977 scribant,
280 2898 436 2963 Marium
463 2903 712 2989 imperatorem
738 2912 893 2987 poscant.
966 2896 1026 2963 Sic

66 3004 123 3072 illi
144 3029 165 3070 a
193 2998 313 3070 multis
343 3001 547 3069 mortalibus
578 3001 831 3069 honestissuma
859 3001 1026 3090 suffraga-

65 3117 167 3178 tione
191 3107 402 3175 cousulatus-
418 3106 611 3198 petebatur.
643 3105 749 3172 simul
773 3128 813 3172 ea
837 3119 1026 3195 tempesta·
1057 3148 1059 3153 ·

67 3231 106 3283 te
130 3213 262 3307 plebes,
293 3211 477 3280 nobilitate
496 3213 573 3278 fusa
596 3233 661 3303 per
683 3210 796 3302 legem
815 3207 1024 3288 Mamiliam,

67 3344 182 3401 nouos
208 3318 404 3388 extollebat.
453 3319 505 3384 lta
529 3318 644 3387 Mario
668 3332 795 3384 cuncta
822 3313 1022 3407 procedere.

380 3428 422 3492 -0
435 3425 472 3490 A
486 3425 528 3491 P.
565 3423 699 3489 LXII.

135 3532 284 3597 interim
309 3531 478 3622 Iugurtha
500 3544 698 3621 postquam,
730 3533 857 3594 omissa
876 3524 1028 3594 deditio·

67 3658 133 3719 ne,
176 3634 312 3703 bellum
337 3641 482 3727 incipit,
526 3658 609 3704 cum
635 3656 762 3726 magna
791 3655 875 3700 cura
905 3653 1033 3725 parate
