2258 3998
163 182 168 199 ,
226 99 888 173 vaataauu‘itacutouvu
971 107 1086 177 aaa·

74 278 131 329 ne,
154 256 262 317 dubiis
284 258 396 328 redut,
421 258 531 337 Datiui
558 262 675 329 attenti
705 258 759 319 vii
781 258 913 340 probati
935 282 1053 343 potae,¹

70 353 211 417 ,verbum
231 356 297 434 spei
313 364 389 415 cu'm
409 355 457 415 hia
479 355 565 436 apud
580 346 656 416 'alios
677 354 848 435 Scriptuies
871 360 1031 444 coniungi.

90 486 93 491 ·
135 472 168 533 p.
187 451 237 511 32.
264 453 354 532 quod
375 453 614 532 modolbelle)
635 450 834 523 vitai-feren
869 454 932 525 elii,
959 460 1038 517 aaut

71 548 157 609 bello
172 547 346 628 templana,
367 552 434 609 vsu'i
442 554 532 629 foret
551 548 640 608 bello.
685 548 797 631 Itaque
809 566 938 633 propter
950 551 1036 614 hane

69 647 272 728 vagationem
290 644 424 705 verbum
448 644 557 707 Gortio
580 646 770 707 eliciendum
786 646 1034 731 videum'quod

71 740 193 802 nollem
213 741 255 800 ob
275 744 478 801 constantiam
494 741 628 802 Sallustii
648 742 684 802 in
698 762 739 804 eo
745 741 904 824 loquendi
920 744 1028 809 modo.

71 837 114 899 el.
133 835 292 907 Iudicem,
331 853 344 896 t
360 838 489 903 Olearia.
506 841 592 897 mato.
613 836 683 899 Vol
707 841 758 899 cit
781 859 812 920 p.
827 839 898 899 506.

130 954 164 1013 p.
181 932 232 993 55.
257 953 285 993 c.
368 933 486 994 XVIII.
517 948 635 993 cuncta
656 936 758 994 siaul
781 950 893 996 eontra
920 955 1031 998 omnes
1106 996 1109 1001 .

71 1027 208 1089 Codices
224 1027 351 1089 Cottius
364 1029 588 1092 loco'mouera
608 1028 690 1098 vult;
715 1030 807 1099 ridet,
828 1033 885 1113 qui
901 1028 964 1093 hoc
979 1033 1032 1093 det

69 1126 224 1187 mentium
240 1145 304 1184 esse
322 1127 463 1186 iudicent
485 1143 518 1188 et
531 1146 596 1188 non
617 1129 743 1187 moueri
763 1148 796 1187 se
814 1128 933 1208 patitur
956 1144 1031 1189 anta

52 1225 135 1283 'iam
153 1222 272 1283 dictum
287 1243 315 1281 c.
331 1222 452 1283 XXIII.
477 1221 576 1283 multa
595 1222 686 1283 simul
707 1222 822 1283 moliti.
866 1224 1028 1303 Quotam

49 1364 53 1371 .
69 1336 178 1379 tamen
189 1317 269 1378 haec
282 1319 410 1379 omnia?
434 1340 508 1379 cum
528 1339 568 1380 ne
585 1320 715 1401 quIdem
730 1319 777 1387 id,
789 1335 907 1379 cuneta
930 1321 1033 1382 simul

67 1435 177 1494 agere,
198 1435 238 1474 ex
258 1415 464 1475 antecedente
486 1416 549 1475 huc
567 1414 748 1477 translatum
760 1416 909 1496 suspicari
920 1417 1028 1498 possit,

68 1514 222 1595 quoniam
244 1512 289 1571 ibi
311 1526 371 1571 est:
400 1512 503 1575 mttlta
518 1511 622 1573 simul.

127 1642 163 1656 -
199 1642 234 1655 -
272 1629 314 1667 ex
338 1610 456 1669 sonaci
471 1610 623 1669 consultu
643 1628 702 1690 pro
726 1606 850 1691 vulgari
868 1627 912 1668 ex
935 1609 1029 1671 sootl'c

64 1706 164 1767 etiam
181 1705 246 1766 duo
266 1704 438 1765 Facuriales
457 1704 584 1765 hahent.

125 1824 159 1882 p.
174 1801 226 1861 35.
252 1804 295 1860 ita
310 1816 413 1883 agant,
437 1805 603 1882 permittit:
626 1800 760 1863 Addunt
777 1799 1028 1883 Codices³pluri1

36 1908 38 1913 '
65 1901 124 1969 mi,
145 1900 210 1957 illis
226 1932 267 1947 ··-
293 1899 377 1959 vnde
399 1913 518 1968 totum,
542 1899 703 1982 permittit
725 1898 809 1968 illis,
841 1897 932 1958 multi
957 1910 1029 1979 poet

65 1996 244 2055 Grutentm
265 1995 388 2055 trahere
408 1993 576 2055 voluerunt
594 1995 636 2057 ad
655 1995 819 2074 sequentia
837 2009 933 2076 atque
955 1997 1027 2054 iuna

66 2112 142 2176 gere
164 2111 255 2158 eum,
283 2091 426 2149 homines
450 2092 613 2149 militares.
676 2090 753 2149 Mea
774 2092 904 2172 antiqua
928 2092 1027 2157 editio

65 2188 202 2249 eandem
217 2190 364 2249 orationis
388 2190 565 2245 iuncturam
580 2186 722 2268 sequitur
741 2186 849 2248 addito
864 2202 1027 2267 praeterea

64 2300 100 2345 et
122 2300 205 2352 aute,
224 2285 386 2363 permittit
429 2283 492 2341 Sed
513 2282 588 2342 iude
613 2283 778 2343 durissima
802 2283 865 2342 exit
888 2297 1025 2343 oonsuu·

44 2383 144 2444 ‘etio.-
182 2380 225 2438 Vt
243 2396 348 2439 tamen
364 2395 530 2460 propterea
544 2378 653 2450 nolim,
676 2379 742 2439 illis
762 2377 855 2459 plane
878 2376 1026 2460 ablegare

63 2499 142 2539 oum
161 2476 280 2537 Cortio.
323 2456 417 2536 illuto
428 2477 531 2556 potius
551 2497 625 2535 cum
645 2476 777 2544 wastin,
802 2473 978 2546 oblatum,
997 2474 1024 2537 ti

63 2577 137 2658 quis
158 2573 246 2642 alius,
268 2572 462 2653 parallelum,
487 2594 519 2652 p.
550 2570 615 2630 158.
637 2592 664 2631 c.
686 2572 888 2632 LXXXXIX.
906 2573 940 2630 in
960 2572 1023 2644 illi,

63 2688 184 2733 nouam
208 2691 283 2729 cum
307 2690 346 2728 eo
373 2669 542 2749 periodum
563 2667 761 2748 inalpiendo:
793 2667 853 2737 Illi,
880 2667 1024 2733 hominen

63 2768 272 2829 militares-
299 2768 416 2846 Neque
443 2764 556 2823 dixerit
582 2764 662 2826 alter
689 2758 831 2834 Gordus,
867 2785 933 2826 non
957 2786 1024 2826 ease

62 2864 172 2926 lecum
191 2852 382 2943 pronomini,
406 2882 480 2921 cum
497 2881 615 2922 nomen
637 2861 921 2931 circumscribatur,
942 2860 1022 2941 per':

62 2960 211 3022 homines
228 2960 391 3018 militares.
434 2959 514 3016 Sunt
527 2960 612 3017 enim
626 2958 706 3021 haee
722 2979 781 3040 per
795 2958 1024 3039 adpositioneu't

61 3058 158 3127 dicta,
183 3059 209 3115 si
222 3066 336 3115 'statuas
357 3075 482 3116 comma
502 3071 573 3136 post
597 3056 657 3128 illi,
681 3075 719 3117 ae
739 3058 766 3116 ai
786 3056 926 3116 dixisset:
957 3052 1023 3124 Illi,
1096 3106 1108 3123 ,

61 3170 215 3235 tanquam
229 3154 372 3213 homines
389 3150 537 3212 militares
558 3168 616 3214 ete.
659 3152 811 3215 Abundat
828 3171 906 3212 vero
925 3148 1023 3212 Sallu·

61 3254 137 3313 atius
158 3248 313 3309 eiusmodi
333 3249 587 3328 adposiuouibus.
702 3252 706 3259 '

58 3364 77 3401 ς.
123 3347 255 3405 Easdem
273 3344 342 3405 fere
368 3344 476 3421 turbae
496 3346 586 3407 dedit
606 3346 683 3418 hoe,
711 3344 786 3415 illie,
807 3340 894 3424 apud
913 3340 1025 3403 Caesa·

57 3465 132 3505 rem
153 3444 194 3502 de
214 3444 251 3499 Β.
269 3441 306 3500 C.
333 3440 357 3499 1.
380 3441 432 3511 52,
447 3440 645 3524 (defugiant.
661 3441 722 3504 illia
738 3462 772 3501 se
788 3460 855 3500 nou
872 3439 964 3500 oneri
973 3434 1024 3499 fu-

61 3542 192 3616 turum)
215 3539 270 3598 vbi
294 3539 388 3598 etiam
410 3541 445 3597 iu
464 3538 516 3597 illi
538 3553 695 3598 mutatum
715 3536 757 3597 ad
776 3533 952 3622 defugtbnc
965 3555 1025 3597 att·

65 3636 214 3699 tecedens
232 3645 393 3695 traxerunt
410 3636 594 3718 interpretes
616 3633 716 3695 multi.
