2258 3998
84 117 130 187 52
360 105 776 179 cou1vaar1o
866 72 870 77 ’

85 264 239 361 ceperat}
267 254 506 358 quoscumisue
524 262 680 342 moribus
699 280 761 330 aut
774 261 920 332 fortuna
938 265 1042 333 nouis

85 372 188 444 rebus
213 374 356 440 idoneos
371 371 545 450 credebat,
571 385 633 436 aut
645 392 709 460 per
722 392 770 449 se,
800 387 862 443 aut
874 393 939 461 per
951 369 1040 439 alios

86 478 313 558 sollicitabat;
345 500 460 568 neque
484 474 598 543 solum
624 482 736 553 ciues,
767 474 829 541 scd
853 481 1040 568 cuiusque·

86 587 182 655 modi
202 608 310 677 genus
329 585 534 662 hominum,
563 579 657 671 quod
682 579 787 647 modo
813 579 942 666 (bello)
963 583 1045 652 nui

85 695 186 761 foret.

151 905 263 993 Igitur
277 901 312 967 P.
331 899 512 969 Vmbreno
532 897 670 965 cuidam
688 899 869 988 negotium
888 898 959 979 dat,
987 906 1041 968 vti

85 1007 216 1098 legatos
238 1004 469 1095 Allobrogum
488 1007 660 1094 requirat3
690 1027 838 1094 eosque,
865 1008 896 1070 si
915 1009 1038 1095 possit,

84 1110 244 1203 impellat
260 1111 303 1177 ad
322 1118 525 1177 societatem
544 1107 642 1173 belli:
671 1113 878 1176 existumans
896 1108 1042 1200 publico

85 1220 319 1309 priuatimque
352 1239 431 1281 aere
460 1212 573 1282 alieno
606 1236 804 1302 oppressos,
843 1231 1037 1304 praeterea,

85 1321 179 1413 quod
202 1338 326 1387 natura
349 1343 431 1410 gens
456 1316 588 1384 Gallica
616 1315 777 1384 bellicosa
802 1337 906 1399 esset,
934 1319 1040 1389 facile

86 1450 143 1493 eos
168 1425 210 1492 ad
230 1423 298 1492 tale
316 1423 500 1490 consilium
520 1422 646 1488 adduci
665 1447 775 1513 posse.
821 1424 1036 1509 Vmbrenus,

84 1532 177 1623 quod
195 1536 231 1597 in
253 1527 367 1598 Gallia
390 1516 603 1618 negotiatus,
630 1525 804 1619 plerisque
822 1532 1038 1623 principibus

84 1654 188 1702 notus
208 1653 293 1714 erat,
313 1650 418 1724 atque
436 1656 493 1699 eos
512 1648 671 1698 nouerat:
704 1641 820 1726 itaque
834 1640 908 1703 sine
922 1661 1035 1720 mora,

84 1741 143 1809 ubi
159 1744 314 1830 primum
328 1738 457 1827 legatos
472 1744 509 1802 in
522 1737 600 1804 foro
615 1743 809 1828 conspexit,
828 1761 1038 1830 percuncta-

85 1863 141 1913 tus
159 1866 270 1934 pauca
286 1842 330 1907 de
349 1858 442 1907 statu
460 1846 620 1922 ciuitatis,
646 1860 683 1909 et
707 1848 803 1934 quasi
821 1844 942 1913 dolens
960 1854 1037 1915 eius

85 1972 204 2017 casum
219 1952 395 2037 requirere
409 1951 537 2038 coepit,
563 1973 666 2040 quem
687 1955 818 2015 exitum
836 1957 943 2017 tantis
964 1976 1038 2018 mo

85 2059 130 2122 lis
145 2051 342 2146 sperarent?
368 2053 553 2143 Postquam
570 2052 647 2120 illos
663 2055 757 2120 videt
774 2062 874 2147 queri
886 2059 929 2125 de
946 2082 1036 2159 aaa·

86 2166 167 2226 titia
193 2162 468 2246 magistratuum,
495 2183 655 2225 accam
681 2180 854 2244 sertatum,
878 2167 976 2255 quod
996 2170 1036 2232 in

84 2291 122 2333 eo
147 2267 279 2330 auxilii
306 2265 402 2329 nihil
427 2283 533 2342 esset,·
577 2270 722 2330 miseriis
746 2272 818 2332 suis
847 2272 1035 2337 remedium

84 2391 224 2439 mortem
248 2388 463 2460 exspectare.-
498 2369 552 2434 At
575 2393 647 2456 ego,
690 2374 814 2461 inquit,
854 2378 963 2458 vobis,
1002 2382 1037 2443 si

82 2480 183 2544 modo
209 2479 281 2541 viri
304 2498 373 2541 esse
395 2477 518 2553 volni,
548 2479 717 2540 racionem
739 2481 930 2561 ostendam,
959 2506 1034 2573 qua

81 2602 182 2649 tanta
204 2587 271 2647 isto
287 2582 394 2673 ⁸malo
420 2579 605 2670 effugiatis.
661 2583 758 2648 Haec
784 2583 842 2650 vbi
861 2584 946 2654 dixit
970 2586 1034 2655 Al-

83 2686 242 2776 lobroges
256 2690 293 2752 in
307 2709 502 2752 maxumam
516 2708 615 2775 spem
629 2685 784 2768 adducti,
813 2691 1036 2762 Vmbrenum

83 2816 193 2870 orare,
223 2794 272 2858 vti
299 2795 352 2855 sui
376 2794 617 2857 misereretur:
644 2791 732 2856 nihil
759 2810 830 2861 tam
858 2821 1031 2888 asperum,

81 2920 194 2986 neque
221 2913 293 2961 tam
324 2893 483 2975 difficile,
523 2900 608 2988 quin
639 2897 870 2987 cupidissume
904 2904 1034 2973 facturi

82 3018 208 3078 essent,
238 3000 322 3067 dum
344 3024 384 3066 ea
404 3024 458 3068 res
477 3005 655 3069 ciuitatem
679 3027 758 3069 aere
779 3003 891 3072 alieno
909 3007 1033 3079 libera-

81 3123 145 3173 ret.
213 3104 276 3171 Ille
311 3130 369 3172 eos
403 3110 439 3172 in
472 3107 617 3173 domum
649 3109 692 3174 D.
724 3111 1033 3203 Brutiperducitg

79 3210 173 3303 quod
193 3211 269 3278 foro
283 3215 488 3303 propinqua,
517 3237 630 3304 neque
648 3214 760 3283 aliena
781 3217 930 3296 consilii,
950 3243 1033 3309 pro·

79 3335 160 3409 pter
188 3317 449 3408 Semproniam:
493 3342 575 3386 nam
603 3336 681 3403 tum
703 3321 829 3388 Brutus
853 3325 896 3390 ab
920 3327 1034 3394 Roma

80 3422 206 3489 aberat.
255 3425 435 3490 Praeterea
453 3423 643 3492 Gabinium
657 3431 808 3508 arcessit,
838 3453 908 3519 quo
921 3436 1034 3499 maior

79 3531 265 3595 auctoritas
291 3532 443 3594 sermoni
466 3532 603 3597 inesset.
643 3552 684 3596 eo
708 3552 890 3623 praesente
912 3541 1034 3604 coniu-

78 3637 250 3703 rationem
269 3640 382 3725 aperit
388 3659 398 3714 ;
427 3639 585 3706 nominat
597 3639 720 3718 socios,
742 3658 921 3732 praeterea
940 3638 1045 3711 mul-·
