2258 3998
121 117 183 184 158
424 61 750 178 “nemrot
790 168 794 177 .

118 274 209 367 quoe
237 272 294 334 itti
316 271 454 359 litteris,
488 290 550 354 ego
573 266 767 343 militando!
785 267 901 345 diditi.
964 269 1075 336 Nunc

117 402 181 444 vos
216 379 438 451 existumem,
475 371 580 462 facto
616 397 665 437 un
705 372 798 436 dictu
823 427 828 437 .
833 374 946 463 pluris
988 377 1068 438 sint.

117 487 353 550 Contemnunt
368 480 559 543 nouitatem
568 486 712 555 ‘meom3
736 499 796 564 ego
806 479 957 542 ultorum
971 482 1072 566 igna-

113 592 232 654 vium:
274 583 364 647 miti
378 581 546 673 fortuna,
582 583 655 647 illis
688 583 815 673 probru
844 585 1068 662 obiectantur.

114 711 329 784 quamquam
353 709 418 772 ego
447 704 612 750 noturom
646 710 757 752 vnum
794 705 828 752 ot
855 711 1071 754 communem

113 799 271 863 omnium
287 796 456 871 existimo,
485 793 547 856 sed
559 792 804 883 fhrtissumum
821 815 989 883 quemque
1010 815 1070 878 ge·

56 966 60 971 ,
114 903 387 966 nerosissumum.
419 936 422 941 -
449 895 506 961 Ao
529 901 562 961 si
590 903 662 961 ium
686 920 731 961 ex
753 899 911 986 putribus
933 896 1069 980 Albini,

112 1025 178 1072 out
199 1002 334 1068 Bestiae
356 1006 479 1092 quaeri
498 1021 620 1091 posset,
651 1026 760 1082 mene,
789 1026 840 1066 on
862 1003 941 1066 illos
965 1025 1009 1067 ex
1032 1025 1069 1068 se

45 1131 48 1139 ’
107 1113 211 1198 gigni
233 1109 440 1172 maluerint:
467 1107 555 1198 quid
576 1130 793 1196 responsuros
812 1108 958 1186 creditis,
981 1110 1064 1187 nisi,

110 1239 180 1281 sese
214 1214 334 1278 liberos
364 1234 471 1302 quum
508 1230 663 1300 optumos
692 1208 869 1275 voluisse?
908 1213 1010 1301 Quod
1034 1214 1070 1277 si

110 1324 186 1384 iuro
205 1341 260 1383 me
274 1318 476 1405 despiciunt,
495 1315 645 1405 fatiunt
659 1316 958 1385 idemmuioribus
976 1321 1061 1397 suit,

107 1426 250 1517 quibus,
291 1424 346 1486 vti
369 1423 478 1501 milti,
523 1445 568 1486 ex
584 1412 725 1486 'virtute
752 1422 915 1486 nobilitas
941 1425 1059 1510 coepit.

82 1557 85 1562 ·
107 1528 278 1595 Inuident
300 1527 425 1590 honori
445 1550 518 1591 meo
523 1552 539 1604 ‚·
571 1550 650 1614 ergo
678 1525 864 1591 inuideunt
883 1542 918 1590 et
938 1525 1061 1606 labori,x

108 1634 342 1717 innocentiae,
363 1633 528 1720 perieulis
551 1634 656 1695 etium
682 1635 781 1718 meis,
809 1634 979 1722 quonium
1000 1654 1066 1722 per

107 1742 192 1805 hoec
219 1737 320 1800 illum
347 1739 427 1822 cepi.
494 1735 627 1800 Verum
648 1736 805 1802 nomines
832 1740 983 1826 corrupti
1009 1759 1063 1801 su-

101 1844 223 1936 perbia
256 1843 306 1902 itu
334 1857 481 1903 aetutem
512 1857 640 1926 egunt,
674 1845 778 1930 quusi
801 1838 928 1907 vestrm
958 1841 1061 1907 hono-

105 1973 158 2015 res
185 1961 428 2020 contemnunt3
462 1947 513 2009 ito
539 1946 600 2009 hos
621 1963 763 2035 petunt,
794 1951 898 2038 quusi
923 1948 1061 2015 honeste

104 2056 268 2120 uiuerint.
318 2050 376 2117 Ne
404 2050 460 2112 itti
478 2048 573 2140 sobri
595 2069 692 2130 sunt,
722 2056 786 2142 qni
808 2053 1060 2123 diuersissimas

105 2183 155 2224 res
178 2160 312 2247 puriter
332 2173 546 2244 exspectant,
574 2159 741 2244 ignauiae
767 2159 997 2247 voluptutem,
1026 2175 1062 2225 et

98 2267 259 2355 proemio
282 2264 431 2325 virtutis.
493 2261 610 2352 Atque
633 2266 737 2327 etium
761 2285 839 2327 curn
862 2265 960 2354 apud
981 2287 1056 2343 vos,

101 2388 166 2434 uzu
186 2374 224 2432 in
250 2385 373 2439 senatu
398 2367 502 2430 verbu
522 2367 685 2455 fuciunt,
711 2370 879 2458 pleraque
902 2374 1058 2435 oratione

100 2479 247 2540 maiores
271 2496 351 2537 suos
375 2473 566 2548 extollunt5
595 2497 710 2538 eorum
726 2473 843 2564 floreio
856 2473 961 2562 facto
987 2499 1057 2540 me-

99 2579 267 2644 morando
303 2579 463 2641 clariores
498 2601 568 2643 sese
601 2597 749 2668 putant:
794 2581 890 2670 qnod
921 2599 1050 2645 contro.

98 2684 198 2751 Nom
222 2700 394 2774 quantum
420 2686 496 2746 vito
526 2685 667 2748 illorum
694 2687 926 2774 praeclarior,
956 2704 1054 2750 tanto

99 2790 224 2853 horum
247 2788 398 2853 secordia
415 2789 637 2874 flagitiosior.
693 2791 744 2856 Et
765 2791 916 2882 profiteto
943 2795 993 2855 itu
1018 2815 1056 2857 se

96 2913 150 2962 reo
180 2895 288 2957 habet.
340 2897 511 2957 maiorum
538 2897 653 2980 glorio
677 2900 820 2984 posteris
846 2898 964 2961 lumen
994 2914 1055 2984 est,

97 3023 207 3090 neque
224 3000 313 3060 bono
338 3022 449 3087 neque
473 3003 568 3064 molo
591 3003 778 3066 inocculto
800 3005 942 3091 potitur.
978 3001 1054 3065 Hu-

96 3109 188 3170 iusce
214 3107 263 3167 ret'
293 3126 353 3189 ego
381 3108 536 3194 inopium
559 3109 692 3194 potior,
731 3109 879 3196 Quirites
886 3135 899 3185 ,·
928 3131 1052 3174 vorum

96 3211 135 3274 id
140 3258 152 3289 ,
183 3209 278 3301 quod
303 3211 411 3273 multo
441 3214 654 3298 praeclarius
680 3230 748 3290 est,
778 3233 925 3279 meamet
945 3215 1052 3304 foetu

95 3315 205 3380 dicere
238 3317 324 3380 lieet.
388 3317 498 3384 Nune
524 3310 653 3396 uidete,
686 3341 797 3407 quum
824 3323 940 3410 iniqui
965 3325 1044 3385 sint.

96 3421 199 3508 Quod
221 3444 266 3485 ex
292 3423 411 3485 alienu
439 3425 566 3499 virtute
589 3424 656 3486 sibi
679 3424 866 3510 adrogant,
902 3424 941 3487 id
960 3426 1053 3488 milei

93 3549 139 3587 ex
163 3548 240 3590 meu
266 3549 339 3589 non
363 3525 570 3589 concedunt:
599 3530 737 3608 scilicet,
766 3531 853 3618 quio
881 3531 1049 3615 imagines

93 3654 166 3694 non
193 3630 315 3716 tabeo,
348 3648 383 3696 et
413 3634 500 3720 quio
529 3632 620 3696 mihi
656 3656 751 3698 nouo
787 3633 950 3699 nobilitas
978 3651 1047 3711 est,-
