2258 3998
85 106 148 202 ιη
408 98 763 194 ssttvu'

81 277 174 337 tium
194 272 289 356 f0r03
317 292 392 358 aut,
419 282 449 344 si
473 278 650 348 Romanus
676 278 805 347 auxilio
828 285 898 346 suis
921 285 1036 369 venis·

82 391 151 454 set,
180 378 315 467 praelio
342 404 418 449 sese
442 368 659 453 certaturos..
705 387 798 453 Nam
826 384 970 452 callidus
999 384 1036 451 id

83 481 189 547 modo
210 483 406 569 festinabat,
432 488 562 557 Bocchi
578 514 702 583 pacem
722 497 954 570 imminuere;
990 512 1037 559 aa

28 666 31 675 Ι
84 610 198 655 moras
223 592 398 681 agitando,
430 594 537 677 aliud,
567 620 672 688 quam
698 595 850 678 bellum,
878 594 1029 664 mallet.'

347 773 480 867 aar.
515 776 769 842 LXXVJJJ.

106 916 114 949 ⁹
150 906 347 1000 Imperator
388 930 574 1006 postquam
617 915 661 982 de
707 936 832 1005 regum
872 920 1039 982 societate

85 1021 272 1102 cognouit,
309 1040 381 1084 non
404 1035 550 1101 temere,
591 1042 722 1111 nequa,
760 1026 812 1087 vti
842 1043 944 1112 saepe
968 1028 1039 1088 iam

85 1123 179 1184 victo
204 1122 373 1211 Iugurtha
400 1141 641 1207 consueuerat,
674 1124 837 1194 omnibus
864 1124 949 1192 locis
972 1151 1038 1217 pu·

84 1223 212 1312 gnandi
237 1232 374 1318 copiam
402 1229 505 1310 facit3
534 1246 693 1298 ceterum
721 1230 813 1296 haud
841 1231 966 1323 procul
995 1232 1038 1298 ab

84 1328 194 1409 Cirta,
226 1340 346 1400 castris
374 1342 531 1417 munitis,
563 1343 654 1427 regis
683 1343 884 1428 opperitur:
914 1336 1040 1402 melius

84 1449 195 1516 ratus,
223 1446 372 1529 cognitis
397 1442 551 1522 Mauris,
581 1445 745 1533 quoniam
768 1445 796 1508 is
822 1465 932 1509 nouus
960 1443 1041 1508 hos·

84 1544 130 1604 tis
169 1563 378 1630 accesserat,
419 1571 460 1613 ex
492 1548 678 1615 commodo
720 1570 876 1638 pugnam
912 1545 1035 1614 facere.

84 1643 232 1714 Interim
258 1652 369 1718 Roma
394 1675 460 1743 per
486 1653 619 1720 litteras
647 1660 777 1719 certior
805 1651 861 1733 fit,
894 1660 1041 1744 prouin-

84 1756 176 1815 ciam
204 1752 411 1823 Numidiam
443 1758 558 1824 Mario
581 1754 708 1823 datam.
752 1781 834 1823 nam
861 1757 1042 1825 consulem

84 1852 229 1937 factum,
260 1866 330 1925 iam
348 1878 450 1930 antea
468 1878 659 1954 acceperat.
709 1864 797 1949 Quis
816 1862 918 1930 rebus
936 1886 1042 1953 supra

85 1957 219 2028 bonum
253 1982 358 2056 atque
391 1969 580 2036 honestum
609 1965 807 2059 perculsus,
849 1991 962 2059 neque
992 1968 1041 2033 la·

86 2086 222 2134 crumas
255 2086 394 2152 tenere,
426 2097 542 2166 neque
568 2073 743 2141 moderari
772 2071 952 2162 linguam3
989 2077 1043 2140 vir

83 2181 243 2263 egregius
270 2183 308 2244 in
337 2177 412 2247 aliis
438 2181 588 2260 artibus,
615 2185 719 2245 nimis
748 2176 905 2245 molliter
929 2185 1042 2268 aegri-

84 2276 246 2347 tudinem
275 2270 358 2374 pati.
432 2288 547 2373 Quam
574 2308 650 2351 rem
684 2282 744 2349 alii
771 2290 809 2348 in
841 2283 1042 2372 superbiam

83 2385 283 2466 vertebant3
312 2388 371 2454 alii
399 2390 531 2457 bonum
552 2393 733 2480 ingenium
752 2386 967 2455 contumelia
985 2413 1042 2456 ac·

86 2510 231 2557 censum
256 2516 348 2573 esse;
386 2495 510 2575 multi,
551 2494 644 2585 quod
671 2501 741 2559 iam
764 2509 863 2584 parta
894 2499 1042 2560 victoria

45 2602 48 2611 '
87 2615 128 2658 ex
160 2598 317 2664 manibus
355 2609 560 2692 eriperetur.
604 2599 703 2666 nobis
736 2605 817 2664 satis
844 2607 1038 2688 cognitum,

85 2696 188 2765 illum
216 2711 323 2793 magis
350 2706 482 2773 honore
509 2708 633 2784 Marii,
674 2727 780 2795 quam
816 2711 945 2773 iniuria
968 2708 1042 2769 'sua

87 2813 342 2888 excruciatum,
378 2833 492 2901 neque
516 2827 589 2877 tam
614 2817 713 2878 anxie
740 2808 895 2876 laturum
921 2808 1040 2889 fuisse,

86 2915 116 2974 si
145 2910 282 2979 ademta
313 2915 599 3005 prouinciatim,
627 2939 732 3010 quam
758 2915 893 2997 Mario,
927 2913 1043 2983 trade·-

87 3030 196 3082 retur.

375 3204 504 3271 CAP.
548 3203 746 3271 LXXIX.

39 3419 43 3426 ,
152 3336 266 3427 Igitur
288 3362 330 3406 eo
348 3339 468 3410 dolore
489 3343 690 3435 impeditus,
717 3357 754 3409 et
771 3344 850 3431 quia
872 3336 1045 3408 stultitiae

87 3438 268 3510 videbatur
292 3444 443 3514 alienam
462 3472 539 3515 rem
563 3446 721 3538 periculo
747 3468 963 3524 succurere,
994 3444 1045 3511 le-

85 3560 183 3634 gatos
206 3549 249 3614 ad
274 3552 452 3619 Bocchum
476 3559 605 3631 mittit,
636 3550 868 3643 postulatum,
902 3575 946 3617 ne
969 3555 1046 3617 sine

86 3672 209 3717 eaztssa
231 3655 336 3722 hostis
356 3661 487 3751 populo
501 3658 663 3725 Romana
674 3659 787 3749 fieret.
822 3658 947 3723 habere
963 3680 1046 3723 eum
