2258 3998
116 121 200 212 pp
277 180 280 187 .
417 114 816 189 REGENslo
880 180 883 185 .

457 271 523 327 EN
552 272 765 327 MADRID

203 470 263 530 por
285 450 455 508 loreum
481 448 632 507 Innnnr
657 447 814 527 Impresor
833 448 874 508 de
894 447 1025 508 Camars

392 559 449 620 del
473 563 537 625 Rei
557 561 695 622 Nuestro
728 557 831 620 8θῆον

491 674 717 735 nnccnxxri.

444 760 458 796 r

132 846 163 880 ·.
195 824 296 884 Index
318 824 440 903 primus
471 821 612 882 lectionis
640 823 825 883 varietatum
847 824 881 881 in
909 820 995 899 hunc
1019 842 1086 884 rno-

135 921 213 981 dum
236 921 396 1000 dispositus
418 933 481 979 est:

193 1035 309 1093 Textus
331 1031 563 1094 Elzeuirienus'
650 1032 774 1107 Tenuis
788 1029 881 1113 liuius
902 1032 1048 1093 editionis¹
1077 1024 1080 1029 ’

133 1151 203 1216 peg.
231 1131 260 1191 3.
528 1213 536 1221 .
620 1129 745 1211 pagqfi.

193 1243 274 1305 Eum
294 1248 369 1303 vero
390 1236 491 1302 toturn
511 1242 731 1311 adscribemus‚
750 1243 847 1302 citatis
869 1258 973 1303 tamen
991 1245 1026 1307 in
1044 1240 1087 1302 ln-

135 1357 200 1401 tere
210 1342 341 1400 dextero
352 1341 471 1422 paginis
485 1360 528 1419 5³¹
545 1337 604 1398 hac
621 1355 725 1398 nostra
740 1339 888 1409 editione,
903 1361 967 1423 quo
979 1340 1088 1400 vtrius'·

134 1458 197 1521 que
209 1432 409 1517 ¹comparatio
430 1432 612 1495 Lectoribus
632 1433 753 1497 facilior
773 1437 930 1503 reddatur.

478 1580 744 1644 CATILINA
794 1602 801 1621 ¹

131 1718 202 1782 pag.
221 1699 251 1759 3.
274 1710 364 1778 putet
634 1718 704 1781 pag.
729 1696 758 1759 5.
781 1712 872 1793 putat

172 1830 186 1842 -
226 1795 254 1856 3.
280 1795 409 1853 strictim
674 1828 689 1844 ·
729 1794 757 1855 5.
783 1794 946 1876 carptim·

172 1927 187 1940 ·
226 1899 254 1970 4.
288 1912 326 1950 ex
363 1878 584 1970 pulcherinma
673 1923 688 1938 -
728 1893 756 1952 6.
778 1912 816 1952 ex
834 1890 1087 1974 pulcherrimae!

211 2006 353 2070 pessuma
694 2003 826 2072 optuma
837 2008 979 2068 pessuma

172 2121 187 2134 ·
231 2084 275 2144 15.
298 2083 448 2165 pollicere
509 2096 513 2103 '
584 2152 588 2159 .
674 2122 688 2134 -
730 2106 777 2148 20.
798 2084 940 2166 polliceri
997 2106 1002 2111 ·

172 2217 187 2232 ·
230 2182 274 2241 18.
298 2202 355 2261 per
375 2181 421 2240 M.
438 2180 583 2261 Porcium
674 2216 688 2230 ·
729 2182 777 2242 23.
808 2202 903 2263 penes
934 2179 980 2243 M.
1015 2184 1085 2246 Poi-

211 2279 345 2338 Laecam
702 2280 786 2338 cinrn
809 2275 942 2340 Laecam

134 2392 139 2397 ·
173 2411 186 2425 ·
230 2396 273 2456 19.
301 2375 415 2456 quibus
431 2394 490 2454 pro
503 2377 580 2456 reip.
674 2406 689 2425 υ
729 2374 776 2436 25.
803 2376 917 2456 quibus
947 2378 993 2437 rei
1025 2400 1083 2458 pro

213 2473 426 2554 magnitudine
705 2474 919 2556 magnitudine
984 2474 993 2483 “

171 2600 185 2618 -
227 2568 273 2627 26.
299 2589 335 2627 ex
364 2568 452 2628 sociis
479 2584 584 2627 caussa
672 2602 686 2616 -
726 2590 765 2628 ex
785 2572 814 2629 S.
840 2568 875 2629 G.
904 2591 1009 2633 caussa
1030 2566 1085 2634 cec‘

213 2662 335 2746 cognita
567 2744 569 2748 .
705 2670 788 2750 gnita

172 2795 186 2808 -
227 2762 273 2820 28.
298 2759 441 2821 Volturio
461 2758 493 2838 *)
671 2796 685 2811 ·
724 2760 772 2823 35.
796 2762 953 2833 Volturtio·

171 2891 186 2910 φ
227 2856 272 2915 28.
289 2850 584 2937 occupeueremon-
671 2890 685 2905 ε
723 2860 772 2922 56.
789 2880 1002 2940 occupauere:
1015 2865 1082 2923 laea

211 2955 364 3013 iuratione
376 2952 530 3034 patefacta
712 2952 844 3015 sabatur
891 2948 1080 3037 intelligeres,

713 3054 927 3114 coniuratione
964 3055 1082 3135 patela-

711 3164 760 3209 Cia

168 3279 182 3291 ·
222 3245 270 3304 31.
293 3265 349 3303 seu
368 3242 465 3302 enimi
484 3242 582 3305 mobi-
671 3279 684 3290 ·
722 3241 772 3326 59.
795 3266 850 3308 seu
869 3244 966 3306 animi
990 3236 1081 3324 nclri-

205 3332 292 3400 litate
316 3340 453 3420 impulsi
708 3341 794 3403 litate
809 3341 935 3424 impulsi
1078 3326 1081 3332 ¹

168 3469 181 3483 ·
221 3438 268 3498 52.
291 3438 450 3517 praesidiis
466 3438 578 3501 abdi-tis
668 3470 682 3486 υ
716 3450 769 3518 40.
790 3441 948 3522 praesidiis
969 3440 1080 3503 additis

161 3584 189 3647 θ)
210 3582 312 3636 Mirum
332 3583 386 3637 hoc
408 3574 540 3655 rnendnm
561 3587 590 3638 in
613 3603 674 3639 meo
695 3586 819 3660 exemplo
842 3586 906 3641 edit.
930 3586 1023 3655 Elzqu.
1045 3587 1086 3647 do.

216 3671 286 3738 1654
306 3690 363 3724 non
382 3674 499 3744 reperiri.
