2258 3998
284 104 783 177 1vovnrn1nvu.
968 130 1016 202 et

59 266 159 363 quod
194 280 347 334 armatus
374 262 547 331 dedecore
577 269 712 355 potius,
757 288 863 356 quam
894 288 1013 347 manu,

58 373 213 447 salutem
237 377 466 463 quaesiuerat.
515 365 572 437 Ob
595 391 636 436 ea
660 369 791 437 Consul
808 369 955 439 Albinus
976 393 1020 441 ex

58 477 194 547 delicto
220 477 338 543 fratris
369 474 560 555 inuidiam,
593 497 635 541 ec
669 475 793 543 deinde
818 476 1017 568 periculum

57 592 203 663 timens,
234 583 403 650 Senatum
428 580 471 647 de
498 578 639 649 foedere
665 580 875 650 consulebat.
905 599 943 651 et
967 600 1018 650 ta·

58 714 146 760 men
171 694 317 757 interim
344 693 511 753 exercitui
533 684 820 777 supplementum
845 686 1016 770 scribere,

58 796 105 865 ab
132 801 235 864 sociis
266 809 303 859 et
331 798 476 859 nomine
506 792 634 857 Latino
665 790 792 859 auxilia
819 816 992 861 arcessere
1004 820 1016 876 ς

58 902 217 994 denique
241 898 354 967 modis
376 897 539 965 omnibus
558 896 732 964 festinare.
782 898 931 967 Senatus
955 907 1017 979 ita,

59 1014 113 1077 vti
141 1030 206 1097 par
234 1005 369 1086 fuerat,
404 1004 581 1082 decernit,
613 1024 686 1070 svo
716 1026 848 1084 arovr
882 1028 1020 1074 rorvur
1067 1037 1070 1046 ·

58 1134 225 1180 rnrvssv
259 1132 423 1178 nvuuru
455 1130 650 1174 rorrrssa
693 1132 845 1177 ronovs
892 1135 1015 1179 arnan

60 1215 196 1287 Consul
232 1214 423 1307 impeditus
458 1238 479 1280 a
511 1210 661 1281 tribunis
691 1213 803 1305 plebis
827 1240 889 1297 ne,
935 1242 1020 1310 quas

60 1338 249 1417 parauerat
280 1329 415 1414 copias,
448 1343 568 1386 secum
595 1336 771 1410 portaret,
803 1330 923 1412 paucis
952 1325 1021 1392 die·

60 1428 127 1499 bus
155 1434 193 1495 iu
220 1427 377 1494 Africam
403 1423 649 1515 proficiscitur.
685 1450 768 1492 nam
791 1436 904 1496 omnis
930 1454 1021 1498 exer-

59 1539 173 1613 citus,
202 1539 253 1600 vti
283 1546 517 1609 conuenerat,
555 1528 724 1598 Numidia
753 1532 941 1616 deductus,
982 1544 1022 1603 iu

57 1645 247 1735 prouincia
259 1634 446 1703 hiemabat.
495 1637 683 1727 Postquam
697 1659 740 1703 eo
759 1644 873 1720 venit,
899 1665 1022 1731 quam-

60 1768 171 1837 quam
197 1749 362 1835 persequi
391 1741 598 1833 Iugurtham
624 1758 662 1809 et
687 1742 822 1809 mederi
848 1745 1023 1816 fraternae
1051 1806 1054 1813 ,

61 1848 218 1919 inuidiae
252 1856 389 1915 animus
431 1846 598 1913 ardebat:
650 1855 798 1938 cognitis
835 1850 1021 1935 militibus,

62 1979 151 2049 quos
178 1971 317 2047 praeter
346 1952 482 2044 fugam,
525 1951 642 2020 soluto
671 1944 841 2043 imperio,
880 1956 1023 2029 licentia

59 2078 170 2153 atque
200 2059 342 2128 lasciuia
371 2073 592 2149 corruperat,
622 2080 663 2124 ex
688 2066 789 2150 copia
810 2084 931 2131 rerum
952 2083 1022 2135 sta·

62 2174 152 2253 tuit,
179 2164 270 2235 nibil
293 2164 362 2233 sibi
383 2162 596 2254 agitandum.

355 2358 485 2428 CAP.
524 2357 730 2427 XXXVI.

134 2502 270 2571 Interea
294 2501 427 2567 Romae
452 2499 490 2564 C.
522 2497 702 2565 Mamilius
729 2499 934 2571 Limetanus
960 2514 1024 2573 tri·

64 2608 182 2678 bunut
211 2605 322 2699 plebis
348 2610 568 2695 rogationem
593 2603 636 2670 ad
660 2604 836 2698 populum
865 2613 1026 2699 promul.

65 2724 140 2807 gut,
165 2718 222 2779 vti
239 2731 459 2807 quaereretur
477 2714 516 2775 in
540 2734 606 2791 eos,
634 2736 782 2802 quorum
806 2720 948 2783 consilio
967 2720 1025 2785 Iu·

63 2821 199 2912 gurtha
223 2820 345 2884 Senatt'
372 2818 506 2883 decreta
526 2818 743 2904 neglegisset5
770 2825 901 2913 quipue
922 2826 967 2890 ab
984 2850 1023 2891 eo

69 2932 110 2994 in
138 2924 383 3014 legationibus,
421 2941 487 2987 aut
515 2926 667 3014 imperiis
690 2931 858 3013 pecunias
884 2936 1025 3020 accepis·

67 3051 164 3109 tenu·
192 3034 257 3123 qui
274 3029 488 3119 elephantos,
525 3030 840 3121 quaqueperfugas
863 3036 1024 3101 tradidis-

69 3157 165 3215 rent5
193 3139 274 3201 item
297 3138 362 3228 qui
387 3134 430 3199 de
446 3156 545 3225 pace,
570 3153 634 3199 aut
656 3136 742 3199 bello
769 3161 848 3202 cum
875 3139 1027 3206 hostibus

64 3245 248 3338 patrones
261 3240 436 3333 ficissent.
487 3239 582 3306 Huic
604 3247 777 3330 rogationi
797 3249 927 3333 partim
949 3267 1027 3311 con-

55 3342 138 3419 'scii
164 3346 252 3428 sibi,
280 3343 343 3413 alii
368 3370 408 3412 ex
431 3351 587 3437 partium
614 3345 748 3411 inuidia
772 3346 928 3437 pericula
954 3374 1028 3417 me-

71 3467 233 3532 ruentes,
281 3459 449 3545 quoniam
477 3466 598 3540 aperte
636 3458 796 3517 resistere
827 3476 899 3520 non
934 3474 1029 3546 pota·

71 3575 172 3641 rant,
194 3562 302 3650 'quin
328 3555 389 3623 illa
413 3573 450 3623 et
480 3554 548 3622 alia
576 3552 659 3622 talia
685 3554 823 3646 placere
848 3556 913 3625 sibi
939 3561 1027 3628 fate-

71 3682 219 3737 mutar:
261 3656 400 3735 occulte
427 3684 493 3757 per
520 3667 668 3747 amicos,
705 3684 747 3731 uc
771 3682 945 3733 maxume
971 3688 1042 3757 pes

607 3770 645 3842 G
