2258 3998
286 78 777 180 οιιιιιιιιιιιι.
965 111 1007 202 ‘42

61 269 186 337 ordine
199 267 324 363 fecere.
394 268 493 335 Bello
521 270 746 335 Macedonica
756 316 768 351 ,
813 270 1013 361 quodcum

61 398 142 463 rege
160 376 264 441 Perse
282 378 462 463 gessimus,
491 374 706 441 Rhodiorum
723 378 859 458 ciuitas,
881 400 1013 466 magna

61 498 172 571 atquc
194 482 398 569 magnifica,
440 504 531 573 quac
554 482 679 571 populi
706 481 861 547 Romani
893 485 1014 572 opibus

62 605 233 667 creuerat,
262 587 374 673 infida
401 604 506 676 atque
535 587 683 653 aduorso
709 587 807 651 nabis
819 585 915 677 suit,-
953 588 1015 655 sed

57 709 257 783 postquam,
288 693 374 757 bello
391 691 553 781 consecto,
582 693 626 757 de
648 692 795 759 Rhodiis
818 694 1013 759 consultum

61 815 123 876 esc,
154 800 299 862 maiores
325 800 450 876 nostri,
480 800 625 887 nequis
652 798 856 862 diuitiarum
887 803 1009 886 magis,

62 924 174 993 quam
201 904 351 966 iniuriae
379 924 501 967 caussa
526 904 654 968 bellum
680 905 851 991 inceptum
875 904 1010 985 diceret,

62 1009 253 1095 impunitos
269 1008 433 1072 dimisere.
495 1008 705 1072 Itembellis
729 1007 876 1072 Punicis
901 1013 1014 1074 omni-

64 1112 144 1191 bus,
179 1132 259 1175 cum
288 1134 387 1201 saepe
416 1113 714 1200 Carthaginienses
739 1117 834 1178 etin
854 1138 952 1204 pace,
981 1133 1016 1182 et

57 1238 127 1307 per
160 1217 319 1281 inducias
345 1220 458 1283 multo
492 1220 630 1310 nefaria
646 1216 817 1307 facinora
833 1219 1010 1310 fecissent,

62 1344 259 1412 numquam
301 1327 367 1411 ipsi
401 1347 466 1412 per
499 1328 711 1389 occasionem
756 1327 845 1389 talia
874 1326 1012 1415 ficere:

61 1432 187 1514 arogis,
217 1429 305 1518 quid
315 1453 350 1492 se
364 1429 511 1514 dignum
516 1428 623 1517 fhret,
652 1450 761 1519 quam
782 1430 870 1519 quid
885 1435 925 1493 in
943 1434 1014 1496 illis

63 1534 141 1597 iure
154 1532 243 1619 fieri
261 1551 383 1621 posset,
417 1534 634 1622 quaerebant.
681 1533 760 1597 Hoc
784 1533 876 1597 idem
895 1540 1014 1622 proui-

62 1637 217 1703 dendum
243 1656 303 1717 est,
342 1640 464 1703 Patres
490 1639 682 1726 conscripti,
720 1661 765 1702 ne
786 1638 870 1728 plus
897 1643 1018 1706 valeat

63 1743 162 1832 apud
182 1766 246 1808 vos
265 1743 308 1808 P.
336 1744 480 1807 Lentuli
501 1762 537 1809 ec
555 1761 741 1811 ceterorum
756 1746 876 1825 scelus,
906 1769 1016 1836 quam

63 1866 179 1913 vestra
205 1848 379 1939 dzgnitas5
418 1872 486 1913 neu
513 1851 625 1936 magis
648 1852 732 1930 irae,
766 1872 875 1941 quam
889 1850 1016 1940 famae

62 1954 260 2021 consulatis.
302 1953 402 2020 Nam
413 1978 444 2020 ιι
439 1955 565 2041 dt'gna
577 1976 693 2043 poena
702 1977 767 2044 pro
775 1954 887 2045 factis
898 1980 1016 2022 eorum

63 2063 243 2149 reperitur,
271 2081 406 2124 nouum
423 2062 606 2126 consilium
617 2060 786 2149 adprob05
810 2063 867 2125 sin
884 2066 1017 2150 magni·

62 2164 148 2231 tudo
184 2148 319 2229 sceleris
351 2168 509 2230 omnium
544 2168 688 2251 ingenia
729 2184 935 2254 exsuperat.-
973 2171 1018 2233 iis

62 2268 233 2335 arcendum
258 2290 387 2351 censeo,
418 2292 509 2362 quac
539 2271 670 2355 legibus
694 2288 893 2360 comparata
920 2290 1011 2338 suna

63 2374 239 2464 Plerique·
255 2395 387 2454 earum,
428 2377 494 2466 qui
519 2392 602 2439 ante
627 2395 682 2439 me
707 2379 896 2440 sententias
918 2378 1016 2445 diae·

62 2496 160 2561 runt,
181 2468 370 2568 composite
385 2497 490 2572 atque
512 2478 698 2567 magnficc
712 2502 831 2546 casum
854 2484 1017 2572 reipubli-

62 2576 290 2651 caemtserati
300 2603 401 2649 sunts
425 2607 515 2676 quae
528 2586 609 2651 belli
622 2588 783 2666 muza,
811 2608 904 2677 quae
915 2592 1018 2656 unas

64 2689 270 2769 occidemus,
299 2711 547 2755 enumerauere.
578 2693 658 2780 rapi
678 2693 849 2777 virgines,
874 2716 1017 2784 pucros:

65 2776 194 2860 diuelli
222 2796 344 2861 liberos
370 2818 396 2860 a
419 2799 619 2886 parentium
642 2798 850 2886 compleam
893 2818 1018 2866 manas

54 2898 286 2992 familiarum
308 2904 398 2990 paci,
429 2923 521 2992 quae
547 2901 734 2966 victoribus
758 2903 1016 2983 collibuissents

55 3003 158 3097 sana
182 3023 288 3096 atque
305 3005 423 3071 domos
439 3007 646 3097 empolzari5
679 3007 827 3089 caedem,
854 3010 1018 3075 incendia

55 3110 164 3217 fieri3
186 3128 355 3200 postremo
378 3115 496 3193 armis,
519 3112 752 3194 cadaueribus,
778 3136 897 3187 cruore
913 3133 1019 3206 acque

66 3197 165 3281 luctu
185 3219 307 3280 omnia
331 3219 501 3306 compleri.
550 3217 627 3299 Sed,
647 3240 712 3309 ptr
726 3220 820 3286 Deos
841 3222 1017 3283 immorta-

67 3321 125 3401 lis,
156 3344 226 3411 quo
239 3321 305 3385 illa
318 3325 427 3387 aratio
440 3321 638 3414 pertinuit?
664 3347 725 3405 aa,
753 3327 809 3389 oti
823 3344 887 3388 aas
913 3321 1018 3414 infes-

66 3442 120 3493 tos
143 3426 550 3519 coniurationifaceret?
573 3431 704 3509 scilieet
722 3452 826 3522 quem
844 3449 896 3493 res
917 3444 1018 3494 tanta

66 3548 175 3622 atquc
187 3549 262 3597 tam
272 3550 376 3598 atroa
389 3558 461 3600 non
469 3540 656 3627 pernwuit,
682 3557 762 3603 eum
776 3534 887 3599 oratio
901 3555 1018 3601 accen·

67 3634 135 3705 det.
196 3638 285 3709 Noa
308 3642 361 3707 ita
384 3658 459 3707 esc.-
491 3662 605 3733 neque
627 3643 793 3734 utiquam
818 3640 1023 3709 mortalium
