2258 3998
116 138 186 189 am
274 156 278 161 ·
375 98 819 181 EXAMEN·

113 274 225 337 ductis
216 268 287 333 ”efi
311 271 443 332 Obseru.
457 269 585 331 mosell.
600 283 675 330 tom.
687 268 732 333 11.
755 267 828 331 vot
843 271 947 352 citp.
961 267 1032 331 518.
1048 282 1081 331 et

114 364 275 435 iudaeam.
321 367 410 428 Mox
456 400 460 407 ·

178 476 232 547 ‘.p
258 463 308 525 6ι.
328 462 451 524 idem·
441 485 494 534 ιιι
518 460 622 525 labori
643 482 725 535 meo,
754 461 817 525 hoe
843 482 954 525 rursus
969 464 1079 533 tentat,

119 564 208 648 quod
232 563 272 634 ei,
295 562 352 646 qui
365 575 436 643 post
455 580 530 623 eum
545 559 689 643 iugulere
708 558 793 695 velit,
818 561 918 644 magis
940 561 1081 641 permitti

163 675 223 721 881&
397 674 400 681 '
471 676 489 689 “’

117 680 163 799 {³⁰
199 778 232 837 p.
249 753 298 817 66.
324 768 357 815 et
374 755 500 838 egregia
522 766 593 813 tua.
647 751 727 825 Hie,
752 753 842 837 quod
868 752 921 813 alii
944 752 1080 825 addunt,

118 856 213 937 sacta
237 851 308 922 alii,
327 853 498 931 facinora,
525 864 676 923 neutrum
699 853 838 934 agnoscit
863 849 997 912 Cortius.
1041 852 1083 912 Et

107 953 254 1013 omnino
277 962 380 1029 petest
399 945 451 1007 vel
473 944 615 1009 absolute
636 949 684 1008 sic·
704 948 784 1019 dici,
808 946 860 1007 vel
881 961 941 1008 tua
964 948 1007 1008 ad
1026 967 1083 1008 an·

117 1047 269 1109 teced'ens
292 1043 452 1122 beneficio.
462 1043 584 1105 referri.

120 1182 124 1193 .
200 1141 295 1223 p.67.
324 1142 418 1222 (quia
433 1154 575 1202 materno
589 1161 706 1224 genere
727 1142 830 1222 impar
852 1142 938 1219 erat)
959 1142 1003 1200 ita
1027 1160 1083 1200 vn·

121 1243 198 1300 cinis
222 1238 333 1298 inclusi
360 1258 433 1298 cum
465 1237 589 1306 Cottio,
625 1239 777 1319 quoniam
807 1251 913 1295 tamen
940 1238 1083 1299 modeste

98 1339 156 1396 'id
183 1334 268 1397 fecit
315 1336 433 1405 Nam,
458 1334 547 1416 quod
572 1335 667 1393 etiam
685 1348 780 1415 putat
801 1333 993 1394 eiiciendum
1017 1354 1083 1395 esse

118 1440 259 1503 totum‚'
273 1452 348 1492 cum
375 1433 450 1490 iam·
467 1446 539 1491 ante
572 1431 624 1512 (p.
643 1430 704 1509 62)
733 1450 807 1493 eum
837 1450 877 1490 ex
905 1430 1083 1492 concubina

119 1544 228 1591 ortum
248 1529 361 1588 dixerit
372 1566 384 1597 ‚-
401 1529 504 1609 sitque
522 1529 557 1586 in
567 1526 630 1588 hoc
646 1527 718 1588 loco
737 1530 803 1588 siire
817 1527 914 1587 dubio
933 1526 1031 1610 glossa
1043 1522 1084 1588 οἱ

120 1646 149 1687 e.
168 1625 254 1695 CIV,
267 1626 302 1685 id
313 1646 366 1684 me
378 1645 443 1683 non
456 1638 573 1684 mouet
610 1624 650 1682 In
661 1644 732 1683 mea
743 1626 872 1707 antiqua
885 1622 959 1683 edit.
973 1626 1083 1685 vitiose

121 1728 167 1785 est
185 1742 248 1802 pro
261 1721 472 1801 praecedente
487 1721 663 1789 minumus,
687 1723 804 1790 minus,
829 1723 883 1781 oui
901 1719 1013 1803 aliquis
1031 1741 1082 1782 su·

120 1819 299 1900 perscripsit
318 1819 433 1885 minor,
457 1817 522 1895 ipse
538 1817 697 1875 minumus
713 1832 937 1879 correctorum.

201 1936 232 1994 p.
249 1911 297 1972 68.
320 1913 477 1999 promissis
499 1926 618 1970 onerat.
653 1914 712 1971 Ἰιι
737 1920 823 1973 t'extu
847 1934 919 1976 meo
940 1914 1082 1995 parando

121 2010 164 2071 sd
185 2010 381 2077 Cestianum,
398 2016 467 2069 ιιοιι·
483 2007 727 2068 obseruaueram
744 2010 783 2068 V.
800 2010 841 2070 D.
860 2010 913 2070 hic
928 2010 1084 2072 violenter

120 2109 236 2167 iterum
251 2107 412 2166 extrusisse
426 2098 507 2187 po'st,
528 2120 647 2175 onerat,
663 2106 873 2189 impellitque,
892 2128 966 2167 cum
981 2116 1082 2178 suam,

121 2218 156 2264 vt
172 2205 206 2262 in
228 2202 283 2263 tali
304 2203 374 2263 viro
392 2202 527 2262 audeam
545 2202 662 2274 dicere,
685 2205 775 2285 quasi
791 2190 979 2277 barbariem,
1004 2203 1101 2266 mul?

121 2304 161 2361 tis
174 2300 394 2361 blandimentis
411 2299 547 2360 hominis
557 2298 715 2359 latinitatis
725 2280 869 2381 eipertae
879 2302 911 2359 in
926 2297 1085 2381 explican-

123 2397 165 2459 do
186 2397 284 2458 modo
305 2395 459 2477 loquendi
480 2394 670 2456 inuoluiss'et.
696 2393 819 2474 Quod,
843 2413 918 2457 cum
933 2417 1020 2456 nunc
1032 2384 1086 2465 dei,

123 2515 213 2553 mum
226 2492 441 2575 deprehendo,
454 2512 544 2559 meae
556 2493 686 2553 editioni
699 2495 845 2563 restituo,
869 2508 938 2552 tum
953 2510 1085 2575 propter

124 2587 226 2651 Codd.
253 2591 288 2648 in
309 2610 349 2650 eo
369 2608 566 2679 consensum,
587 2603 666 2659 tum,
688 2591 849 2671 qnoniam,
875 2591 1083 2653 meoiudicio

124 2701 156 2747 et
178 2686 218 2745 de
237 2687 391 2746 sententia
411 2683 544 2745 Saliustii
568 2704 634 2746 non
656 2680 761 2748 abesse
780 2702 895 2767 potest,
918 2707 994 2747 cum
1016 2709 1086 2750 non

123 2797 188 2843 tam
211 2797 361 2842 conatum
380 2782 608 2863 persuadendi,
633 2803 730 2866 quam
753 2782 905 2844 effectum
924 2784 978 2844 hic
999 2784 1084 2844 indi·

123 2874 185 2941 ἀι.-
218 2876 268 2938 'Et
288 2881 331 2938 ita
354 2900 420 2939 ιιοιι
442 2880 542 2941 modo
558 2878 655 2941 verbo
676 2880 848 2963 impellere,
873 2883 906 2939 in
926 2880 980 2941 tali
996 2879 1082 2959 loco,

123 2977 246 3056 saepius
267 2978 373 3046 votur,
399 2978 571 3037 sed-etiam
593 2978 735 3058 tempore'
758 2979 913 3059 praesenti
932 2998 993 3064 pro
1014 3000 1084 3061 per·

123 3071 219 3134 fecte.
246 3071 286 3132 cf.
301 3072 457 3134 Iudicem.

141 3172 144 3177 '
203 3190 235 3251 p:
252 3169 302 3251 69,
324 3173 511 3241 αιιεισιὶιαι,
535 3172 602 3231 sine
619 3170 727 3231 addito
747 3171 802 3233 aut
816 3172 1027 3252 praecedente
1046 3173 1083 3232 ιἰι

124 3266 252 3327 Senatu
270 3286 344 3326 cum
367 3266 476 3328 Cortio
498 3252 598 3338 omisi,
624 3270 785 3373 quoniam
797 3267 962 3328 Codices
953 3290 987 3328 m
1009 3267 1084 3332 loco

94 3443 98 3451 ε
124 3361 171 3423 his
193 3363 296 3422 v'e'rbis
318 3366 491 3433 statuendo¹
516 3366 647 3453 variant,
672 3364 783 3423 sensir's
797 3380 829 3424 et
848 3364 935 3426 locus
948 3366 1084 3447 perolle
1108 3400 1111 3405 ·

123 3458 224 3539 lusp.
241 3459 284 3520 85
314 3461 387 3542 (qu.
410 3464 552 3521 ancton't
579 3461 699 3523 Romae
718 3460 854 3561 poliere)
877 3464 924 3523 vti
944 3478 1014 3545 post
1034 3470 1084 3524 sev'

123 3570 223 3637 quens
248 3577 290 3615 an
310 3558 434 3616 Senatu
456 3560 593 3639 petitum
622 3559 777 3643 deniqne}
808 3580 884 3620 mox
905 3580 1009 3622 rursus
1030 3568 1092 3622 re·“'

124 3670 253 3715 currens
276 3652 546 3728 Senatum-“tideo
572 3656 689 3719 suadet.
743 3654 782 3719 In
803 3658 925 3721 observ.
949 3658 1081 3720 miscell-¹
