2258 3998
105 114 173 185 ,ιο
356 70 904 187 munueauuamo-ft·
953 146 956 153 -
1010 114 1015 151 ³

942 224 952 247 i

107 306 110 311 ·
186 278 281 354 p-49
307 293 335 335 c.
353 268 528 331 XXXXIX.
572 269 668 332 Cato
675 269 811 353 magnus
831 285 929 350 atque
954 270 1064 333 clarus

106 365 258 431 habetur.
283 366 324 430 cf.
341 388 374 450 p
385 367 476 446 ι.“46
500 366 643 426 Mariua&
638 384 773 448 magnus
787 381 819 426 et
835 365 936 425 clarus
957 383 1061 489 antea,

103 452 208 527 maior
223 480 262 526 et
278 464 397 533 clarior
414 463 525 524 haberi
538 465 716 544 eoepit'.
904 485 929 497 ··
929 484 952 516 2:

187 595 219 611 -·
259 594 292 611 ·-
316 559 468 622 'facundia
492 563 628 621 Graecos
654 559 696 643 “gd
708 559 750 620 ..b
782 557 1059 624 Gallos-fuisse.

109 658 197 721 Haeo
216 674 250 719 vt
260 680 325 719 non
338 671 482 741 pugnent
495 677 569 717 cum
591 657 754 716 antecedd
778 655 918 716 volunt'
909 673 1064 738 interpra-

107 769 153 815 ιιι
174 774 233 836 per
256 750 507 815 subintelteetum
522 756 582 811 etsi
602 750 677 813 euni
694 753 951 834 diaconiungere,
976 771 1011 814 vt
1028 755 1065 839 fit

107 852 202 911 etiam
219 854 254 911 in
276 853 357 912 notis
377 851 517 911 advers.
548 848 653 929 hispx³
680 848 785 930 Atque
806 868 909 908 sensus
931 852 1064 913 omnino

107 967 148 1009 eo
172 948 262 1008 redit.
306 948 369 1008 Sed
389 945 468 1022 mihi
492 944 618 1005 videtur
628 944 705 1029 tibae
727 943 885 1004 Sallustius
906 946 973 1003 iain'
991 951 1063 1007 satia

108 1041 313 1104 cohaerenter
335 1042 412 1103 haee
429 1036 774 1121 scripsisse‚··2autiquaei
789 1044 984 1121 praepetense
1005 1064 1064 1124 per

108 1139 240 1199 adhoc.
303 1143 417 1201 Secum
435 1138 621 1221 agitassent,-
638 1138 725 1213 riade
741 1151 843 1197 tot-ae
864 1152 948 1196 tanta
969 1160 1064 1222 nego-

108 1237 158 1294 cia
170 1235 305 1297 Romani
315 1239 475 1317 potuerint
491 1233 667 1303 conficere„
680 1252 753 1293 eum
766 1248 871 1292 tanen
883 1237 1005 1314 saepius
1022 1253 1066 1296 et·

107 1332 172 1390 iam
190 1332 281 1394 valde
297 1336 393 1394 nistia
405 1331 526 1412 experti
539 1332 666 1399 emanet
680 1327 915 1389 mmataoundi'a
934 1333 1065 1393 aGrae·

21 1490 27 1506 ,
107 1430 152 1488 cis
182 1431 233 1506 (vt
259 1430 367 1511 itaque
387 1425 580 1489 haee-nihil·
593 1428 704 1499 iuuaae
729 1429 849 1505 posset)
874 1442 940 1486 tum
957 1426 1065 1509 gloria

108 1522 183 1583 belli
205 1546 224 1585 a
245 1526 341 1587 Gallis
355 1526 506 1608 sttperaei
526 1521 585 1599 (cf.
609 1522 778 1582 Indicam·
769 1542 803 1581 m
818 1525 910 1600 ante)
931 1521 1064 1599 fuerint,

107 1634 143 1680 vt
163 1638 195 1681 et
216 1622 272 1683 hos
290 1639 394 1682 tamen
416 1624 542 1681 vincere
560 1618 730 1699 pomeaiut,
754 1633 923 1700 antequam
937 1619 1065 1701 populis

108 1716 152 1777 ob
171 1718 206 1777 id
226 1722 338 1780 terrori
354 1734 460 1778 essent

188 1847 227 1861 «-
265 1848 302 1863 --
328 1836 383 1885 ac,
406 1813 503 1875 veluti
525 1812 837 1894 effoeta-parentum,
861 1847 876 1859 -
894 1846 907 1858 ·
924 1847 939 1860 ·
929 1811 986 1860 -’
1001 1817 1065 1875 vir·

108 1921 175 1968 tute
197 1930 326 1992 magnus
346 1910 416 1970 fuit.
431 1894 443 1931 '
461 1910 560 1970 Valde
576 1931 608 1970 se
628 1913 730 1969 vexari
745 1924 894 1989 putarunt
914 1912 1066 1992 interpre-

108 2018 163 2074 tes,
182 2007 293 2076 verbis,
323 2011 444 2089 effoem
460 2021 643 2089 parentum.
669 2006 760 2066 *aad
775 2007 832 2084 ipsi
846 2005 987 2084 profecto
1008 2010 1066 2067 mi·

108 2119 176 2159 sere
193 2123 230 2160 ea
241 2121 401 2166 vexarunt.
446 2104 580 2172 Cottius,
599 2101 734 2171 effoeta‚=
749 2104 784 2159 in
799 2103 996 2164 nominatiuo
1014 2125 1065 2164 su·

108 2199 176 2267 mit,
201 2220 270 2281 gen.
291 2215 466 2282 parentum
488 2199 620 2279 explicat
637 2220 712 2279 per,
734 2199 825 2256 inter·
834 2214 1001 2280 parentes,
1032 2215 1067 2261 et

108 2312 195 2353 nunc
214 2292 408 2373 πιῃφςιζιιε
435 2300 514 2356 sieut
537 2294 654 2355 effoeta
671 2314 798 2374 parens,
824 2295 906 2353 inter
919 2311 1065 2374 parentes

107 2409 141 2450 se
164 2390 278 2451 hebere
294 2391 381 2462 solet,
405 2407 439 2451 vt
453 2390 554 2450 nullos
567 2391 698 2470 amplius
714 2389 828 2450 liberos
840 2389 997 2470 proferat:
1020 2396 1065 2454 sic

109 2485 209 2546 Roma
229 2508 261 2546 se
276 2487 396 2559 habuit,
410 2489 464 2548 vbi
477 2487 580 2545 multis
593 2485 822 2566 tempestatibus
839 2507 934 2548 nemo
949 2491 1066 2550 virtute

108 2602 240 2664 magnus
261 2583 329 2643 fuit.
384 2585 445 2645 Sed
467 2583 580 2642 frustra
602 2583 738 2662 probare
767 2584 876 2642 nititur
890 2582 976 2642 illam
997 2589 1066 2645 vim

109 2680 204 2760 genit.
248 2679 358 2762 Itaque
375 2682 556 2743 Gronouius
572 2680 646 2741 Obs.
671 2680 696 2739 Ι.
722 2701 749 2737 2.
773 2679 907 2739 malebat
927 2679 1066 2762 aliquan·

108 2774 152 2834 do
172 2791 249 2854 post,
272 2779 403 2856 effleta,
429 2793 578 2858 tanquam
600 2774 781 2842 ablatiuum‚
805 2774 949 2856 supplere
962 2797 1000 2836 ex
1017 2796 1067 2836 se-

109 2871 277 2950 quentibus
290 2887 485 2955 tempestate,
508 2886 614 2952 postea
624 2893 700 2932 vero
711 2871 750 2930 ab
765 2871 824 2930 hac
841 2873 980 2932 inaudita
999 2872 1066 2932 lati-

107 2970 215 3036 nitate,
229 2969 349 3046 effoeta
362 2983 547 3051 tempestate
555 2983 738 3048 parentum,
752 2966 909 3026 incidebat
918 2970 951 3026 in
963 2990 1067 3051 aeque

107 3062 311 3132 insolentem,
333 3078 367 3123 vt
388 3085 520 3146 sequens
537 3061 670 3123 alterum
691 3066 812 3122 virtute
827 3063 891 3123 huc
915 3065 1065 3138 traheret,

108 3161 197 3240 quasi
219 3160 358 3219 dixisset:
387 3163 507 3241 efflata
529 3161 650 3217 virtute
665 3180 737 3240 par.
792 3159 856 3228 Alii
876 3161 980 3230 aliter,
1010 3163 1087 3237 sed¹

108 3275 228 3324 omnes,
255 3271 288 3316 vt
302 3259 423 3316 mireris
442 3257 602 3316 neminem
619 3256 729 3314 vidisse
745 3257 790 3327 id,
817 3259 904 3339 quod
924 3260 958 3315 in
975 3279 1067 3338 aper·

109 3363 142 3411 to
163 3367 223 3420 est;
256 3373 382 3433 nempe,
407 3351 650 3412 abstrahendum
673 3373 753 3421 esse,
785 3373 824 3410 ex
847 3355 1066 3424 antecedente,

109 3449 272 3529 republioa
292 3468 364 3510 casu
383 3464 487 3516 sextot
520 3451 642 3526 effoeta
666 3463 860 3529 parentum,
894 3451 928 3511 in
953 3451 1068 3513 eodem

53 3577 56 3583 ·
108 3562 193 3611 casu,
216 3564 279 3605 esse
305 3545 371 3605 aliis
397 3545 499 3606 verbis
520 3543 636 3603 effoeta
653 3559 773 3614 neutra,
803 3546 891 3625 qnasi
917 3544 1010 3624 plene
1037 3562 1070 3606 et

106 3636 203 3720 plane
218 3639 375 3728 legemur
395 3674 434 3715 υ,-
456 3661 495 3702 eo
513 3640 684 3725 republica,
703 3641 802 3703 voluti
816 3640 935 3702 effoeta
954 3657 1068 3714 matre,
