2258 3998
242 88 901 195 vansroutsursrnurcsu.
990 39 1070 189 sss

86 264 234 333 modum
249 270 369 352 pergit:
392 266 455 349 qui
472 271 504 329 εἰ
524 271 749 353 reputauarirtt
792 303 830 317 -
887 304 928 321 —
1005 302 1051 323 ι-

86 492 137 519 .·-
216 492 262 507 --
339 496 384 509 -
464 458 623 521 iudicium
648 463 756 525 amissi
775 461 841 521 mei
861 460 1045 529 mutauisse.

87 543 316 617 Hionimirnm
327 557 440 619 verber
463 556 528 617 hac
540 571 746 642 tempestater
766 557 883 639 quibus
900 577 957 636 ego
974 572 1049 617 terra

85 651 220 733 poribus
241 655 452 730 magistratus
474 652 726 735 adepturam:
758 669 799 722 et,
823 674 909 734 quae
928 654 1048 732 garrera

88 745 272 809 toranus».
284 750 330 811 irt-
343 764 493 809 sanatum
511 763 623 832 postea
644 751 794 811 verten'rtt
814 784 854 799 -·
875 748 970 819 haec,
1001 749 1049 807 in·

82 850 199 925 quarn,
223 849 424 926 perspicuum
441 843 573 912 iaciunt,
593 845 728 907 muitum
746 846 894 926 temporis
909 843 1047 926 elapsum

86 937 200 1012 fitiste,
222 960 264 1002 ex
284 962 350 1023 quo
372 940 531 1022 Sallustius
553 944 746 1023 magistratus
768 940 961 1010 obtinuisset,
986 940 1047 1003 hoc
1084 944 1088 959 '

85 1050 208 1106 ma
238 1039 402 1117 postremis
424 1017 561 1099 annisi.
587 1035 623 1100 C.
649 1037 808 1120 usquead
830 1040 933 1118 operia
954 1037 1047 1099 huius

87 1136 354 1195 οιιιοιιιίοιιοιιιι
394 1184 397 1191 .

85 1256 115 1289 ι..
142 1228 212 1289 sed
241 1231 327 1293 idam
356 1233 493 1312 apertius
516 1231 657 1292 adhue
647 1251 685 1296 m
713 1230 826 1291 eodem
852 1204 1047 1309 praefamine

86 1324 255 1386 indicatur.
300 1327 339 1386 In
362 1348 427 1408 quo
446 1330 531 1386 enirn
554 1325 625 1388 loco
647 1327 775 1394 dixerat,
794 1345 898 1405 neque
919 1327 1046 1387 tutiores

85 1439 194 1503 neque
219 1421 409 1482 honestiores
436 1445 515 1493 esse,
542 1426 598 1506 qui
621 1421 921 1482 administrationem
942 1423 1045 1502 reipu-

84 1508 325 1581 biitae'traide
348 1521 477 1579 assecuti
498 1522 568 1590 sint,
592 1532 813 1602 argumentum
829 1514 890 1576 hoc
912 1517 954 1576 ita
972 1522 1046 1596 p'ro·

84 1608 245 1693 ‘s'equiturz
272 1604 360 1674 Nam
376 1618 415 1675 ei
426 1614 560 1700 quidem
570 1614 637 1676 rell.
661 1615 775 1695 (vsque
788 1613 828 1672 ad
840 1612 1048 1694 gratificari.)

85 1707 220 1787 Quibus,
245 1731 318 1772 meo
339 1712 467 1783 iudicio,
491 1712 648 1772 Sallustius
660 1710 749 1793 quasi
766 1709 865 1793 digito
882 1726 1043 1783 monstrat,

83 1818 154 1867 tum
179 1811 383 1889 mutationem
405 1808 596 1890 reipublicae
619 1800 655 1893 iu*
675 1798 906 1877 Monarchiani,
932 1825 991 1886 par
1007 1805 1045 1867 il·

82 1898 160 1975 lud:
195 1922 303 1962 omnes
337 1926 447 1963 rerum
475 1888 693 1977 mutationest
723 1918 791 1962 tum
817 1905 851 1961 in
876 1903 1042 1985 proximis:

78 1997 284 2080 portendunt
304 2000 430 2070 caedes,
448 2003 572 2081 sagam
588 2002 721 2080 altisque
741 1998 882 2069 tostam,
909 2013 1044 2071 mortem

85 2093 226 2153 Caesaris
249 2098 543 2176 etproscriptioues
563 2116 637 2154 eum
655 2114 693 2154 ea
713 2114 881 2165 connexast
906 2109 973 2156 tum
991 2095 1044 2155 de·

82 2191 184 2270 nique
217 2193 376 2270 proxime³
395 2190 646 2270 insequentibus:
683 2191 808 2249 Frustra
839 2204 951 2250 eutem
981 2188 1049 2249 niti

81 2284 151 2345 reil:
177 2289 293 2366 (vsque
304 2286 344 2345 ad
356 2286 453 2347 finem
463 2285 607 2369 periodi)
626 2285 833 2346 temeritatem
847 2286 1044 2346 vecordiam-

82 2400 149 2463 que
173 2384 262 2441 Bruti
286 2397 317 2442 et
336 2381 442 2450 Cassii,
467 2383 524 2463 qui
535 2381 760 2441 restitutionem
777 2378 968 2461 reipublicae
985 2403 1044 2463 per

79 2477 337 2539 interfectionem
360 2476 497 2538 Caesaris
525 2466 726 2559 quaerendo,
762 2475 843 2536 nihil
864 2473 951 2537 aliud
974 2475 1042 2538 effi·

82 2572 209 2633 ciebant
228 2590 352 2654 praeter
371 2572 450 2643 hoc,
483 2586 520 2659 vt
534 2574 704 2654 imperium
726 2573 761 2631 in
781 2560 892 2634 mansis
906 2568 1042 2634 Trium·

81 2671 225 2729 virorum
246 2673 376 2730 veniret.
427 2668 466 2729 Id
489 2668 614 2727 abunde
636 2668 751 2750 probat
769 2659 920 2752 scripsisse
943 2668 1042 2729 Sallu·

80 2767 177 2833 stium
200 2767 384 2848 Iugurtham
408 2765 625 2827 Triumuiratu
643 2765 761 2825 viribus
783 2779 894 2837 aueto;
925 2765 961 2827 id
985 2780 1040 2838 est,

79 2877 293 2944 posternam
311 2862 350 2920 V.
378 2861 414 2919 C.
438 2882 507 2943 711.
551 2860 626 2919 Non
647 2874 769 2941 poterat
786 2859 846 2921 alia
867 2863 911 2922 vti
932 2862 1042 2923 verbo·

80 2976 158 3020 rum
173 2957 462 3038 comprehensione,
484 2957 521 3017 in¹
530 2953 673 3024 Caesare,
697 2976 739 3017 ne
759 2959 897 3040 ingratus
911 2959 945 3017 in
965 2979 1041 3018 eum

80 3056 253 3124 videretur,
279 3072 382 3134 neque
405 3054 471 3111 sine
492 3049 635 3132 periculo
658 3066 725 3112 tum
747 3052 838 3113 illurn
861 3057 1040 3125 nominare,

82 3164 151 3210 eam
188 3170 361 3231 expressam
393 3150 650 3209 Triumuirorum
684 3151 878 3210 mentionem
912 3147 1037 3220 facere3

80 3250 166 3307 'vnde
200 3251 268 3306 satis
287 3238 437 3307 ⁵habebat
468 3245 528 3306 hac
563 3246 711 3306 orationis
752 3246 939 3306 circuitione
964 3264 1038 3304 rem

80 3349 210 3409 omnem
233 3343 439 3429 subindicare.

141 3440 212 3521 ipse
224 3454 328 3499 autem
341 3454 500 3501 contextus
512 3437 684 3531 Iugurthae
699 3436 829 3519 planum
847 3434 923 3496 facit
940 3434 1038 3495 Sallu·

79 3536 174 3597 tuum
187 3522 290 3619 toturn
298 3557 362 3597 ιιοιι
373 3534 549 3617 perfecisse,
568 3543 721 3619 quatenus
731 3533 838 3595 vltima
847 3550 919 3615 pars
931 3532 1038 3641 quoad

80 3635 169 3703 varia
177 3647 454 3697 momentamanca
464 3648 613 3717 astatque
626 3629 818 3716 imperfecta.
835 3630 883 3694 Ita
891 3648 976 3691 emm
986 3647 1039 3689 ne
