2258 3998
113 125 159 216 fi
438 116 834 191 BELLVM22

115 288 201 361 rint,
232 284 364 371 'quique
386 292 509 368 postea
532 281 761 354 accesserint3
792 296 1006 368 quamquam
1028 276 1073 345 ab

116 412 158 457 ea
173 387 278 464 fama,
308 406 397 474 quae
411 380 597 472 pleresque
617 381 767 461 obtinet,
800 381 981 459 emersum
999 398 1068 459 eat:

116 511 237 559 tamen
248 496 299 557 vti
316 512 358 561 ex
375 487 471 553 libris
485 488 657 566 Punicis,-
672 493 734 579 qui
750 486 1073 578 regis-Hiempsalis

115 597 336 674 dicebantur,
359 601 635 684 interpretatum
644 593 756 660 nobis‘
764 609 816 659 est
821 610 835 673 ,¹
850 600 980 685 euque
992 616 1074 659 -rem

117 727 192 773 sese
217 701 346 767 habere
374 698 524 768 cultores
551 706 626 766 eius
653 714 767 766 terrae
794 708 939 788 putant,
956 720 1075 789 quam

117 813 334 900 paucissimis
357 805 501 875 dicam.
530 806 698 873 Ceterum
724 803 810 877 fides
837 811 916 879 eiua
934 810 989 903 rei
1008 827 1074 896 perf

117 939 180 983 nes
197 927 363 983 auctores
395 918 472 977 erit.

451 1056 582 1154 CAP.
627 1080 822 1197 XIV

142 1186 342 1296 &Africam
372 1234 474 1293 initio
505 1227 656 1293 habuere
689 1140 833 1295 Gaetuli
864 1190 914 1295 et
853 1150 1072 1318 libyes,

120 1343 245 1426 asperi,
269 1333 410 1412 inculti3
432 1340 508 1424 quis
527 1333 624 1399 cibus
645 1351 720 1399 erat
735 1357 815 1433 caro
836 1334 949 1399 ferina
969 1350 1074 1424 atque

121 1442 221 1506 humi
248 1438 430 1531 pabulum,
454 1445 511 1504 ¹vti
540 1422 734 1528 pecoribus.
784 1439 833 1504 Hi
860 1462 975 1529 neque
999 1460 1074 1503 mo-

119 1547 232 1625 ribus,
270 1568 385 1635 neque
409 1543 504 1633 lege,
542 1560 666 1633 neque
685 1550 836 1634 imperio
869 1552 1076 1635 cuiusquam

120 1653 350 1742 regebantur:
389 1656 485 1739 vagi,
513 1647 686 1749 palantes,
714 1674 783 1739 qua
806 1664 1073 1741 nualccagemt,

121 1757 217 1825 sedes
237 1753 418 1825 habebant.
459 1753 528 1820 Sed
546 1770 731 1844 postquam
749 1762 786 1828 in
801 1752 1075 1844 Hispania-Her-

121 1861 228 1939 cules,
248 1846 354 1935 sicuti
369 1859 448 1925 Afri
465 1875 603 1950 putant,
619 1866 770 1940 interiit,
800 1866 970 1937 exereitus
982 1864 1073 1939 eius,

120 1973 337 2056 compositus
361 1988 403 2031 ex
421 1969 519 2031 variis
538 1965 715 2054 gentibus,
736 1971 881 2059 amissu-
895 1964 1005 2044 duee,
1019 1986 1075 2030 ·ac

121 2069 410 2163 passim-multis,
439 2069 671 2161 sibiquique,
706 2075 907 2160 imperium·
927 2075 1076 2159 petenti·

121 2177 197 2259 bus,
220 2176 319 2243 breui
334 2175 506 2242 dilabitur.
556 2176 606 2240 Ex
624 2200 665 2242 eo
682 2198 832 2241 numero
850 2174 969 2253 Medi,
993 2175 1074 2240 Per—

121 2307 178 2351 sae
203 2299 240 2348 et
268 2282 434 2360 Armeni,
463 2281 613 2357 nauibus
632 2287 671 2346 in
690 2280 849 2357 Africam
871 2277 1073 2357 transuecti,

121 2410 308 2481 proxumos
334 2404 454 2453 nostro
483 2392 578 2452 mari·
595 2384 690 2452 locos
711 2402 942 2477 occupauere.
1005 2384 1075 2461 Sed

120 2497 242 2567 Persae
265 2500 358 2567 intra
384 2494 565 2560 Oceanum
592 2497 699 2580 magis
705 2540 717 2572 ,
754 2498 851 2581 iiun
868 2489 990 2571 'allieni
1006 2513 1076 2561 ¹na-

120 2608 219 2668 rium
246 2605 401 2663 inuersos
427 2621 492 2687 pro
520 2603 669 2686 tuguriis
702 2596 990 2687 habuere-aquia
1013 2619 1075 2662 ne·

121 2729 191 2796 que
209 2708 354 2769 materia
380 2709 417 2767 in
440 2710 546 2795 agris,
576 2700 691 2794 ue'que
707 2701 754 2775 ab¹
768 2704 933 2792 Hispanis
951 2692 1076 2783 emunss

122 2811 159 2876 di
183 2815 284 2898 copia
310 2824 403 2877 erat.·
432 2831 528 2875 mare
550 2830 717 2898 magnum
739 2823 777 2873 et
804 2806 1076 2903 ignara3.li1rgua

121 2919 333 2983 commercia
348 2913 591 3003 prohibebant.
641 2915 693 2993 Hi
708 2911 892 3004 paullatim
911 2934 975 3003 per
993 2935 1076 2991 con·

121 3021 228 3089 nubia
252 3018 417 3087 Gaetulos
438 3025 629 3100 miscuerer
654 3036 693 3089 ct
708 3025 797 3109 quia
817 3042 920 3109 saepe
938 3033 1077 3095 temtan-

122 3142 174 3193 tes
202 3149 314 3216 agros,
341 3124 419 3205 clia,
445 3125 571 3193 deinde
598 3122 666 3192 alia
691 3123 768 3192 loca
791 3130 1009 3214 petiuerant,¹
1028 3147 1077 3190 se·

121 3248 197 3299 met
218 3237 286 3323 ipsi
303 3231 472 3301 Numidas
492 3229 724 3322 adpellauere.
775 3230 942 3301 Ceterum
962 3228 1077 3296 adhuc

122 3336 281 3404 aedificia
306 3336 543 3405 Numidarum
566 3342 772 3428 agrestium,
809 3358 900 3425 quae
926 3333 1078 3426 mapalia

123 3440 177 3509 illi
206 3459 345 3523 vocant,
384 3440 550 3532 oblonga,
588 3448 746 3511 incuruis
776 3440 942 3509 lateribus
966 3456 1074 3521 recta,

121 3552 220 3637 quasi
250 3553 396 3614 nauium
426 3555 562 3613 carinae
591 3564 683 3615 eunt.
753 3547 869 3615 Medis
894 3562 1013 3615 autem
1040 3561 1077 3614 et

122 3653 285 3721 Armenia
303 3673 478 3720 accessere
490 3652 615 3745 Libyes
640 3661 740 3739 (uam
757 3654 796 3723 hi
813 3659 960 3747 propius
978 3674 1078 3729 mare
