2258 3998
26 78 137 193 '52
258 129 260 134 '
349 76 775 190 coustantio
883 118 886 123 ·

90 305 188 361 vere3
229 280 385 353 hostibus
410 286 628 347 occasionem
645 279 824 370 pugnandi
848 303 920 347 non
945 281 1036 348 dare.

83 387 248 479 ¹sperab'at
272 383 477 476 propediem
508 407 582 451 sese
609 384 826 467 habiturum,
854 392 884 451 si
909 388 1043 454 Rornae

89 500 175 560 socii
201 499 340 581 incepta
362 497 603 581 patrauissent.
662 492 798 557 Interea
822 490 963 558 seruitia
989 518 1042 560 re-

90 597 275 689 pudiabat,
307 602 406 661 cuius
438 603 540 662 initio
567 595 610 661 ad
639 619 722 661 eum
748 619 891 686 magnae
921 604 1042 688 copiae

90 701 353 777 concurrebant,
373 701 495 791 opibus
515 708 764 768 coniurationIs
781 702 907 782 fretus;
935 704 1042 771 simul

88 809 243 875 alienum
264 812 334 869 suis
359 807 549 873 rationibus
568 811 789 887 existumans,
811 807 920 875 videri
944 833 1042 877 caus-

89 938 161 981 sam
172 917 309 980 ciuium
317 934 405 983 ‚cum
418 919 527 977 seruis
541 911 699 1004 fugitiuis
714 920 1034 999 communicauisse.

400 1091 531 1159 CAP.
575 1092 720 1157 LIII.

153 1229 222 1299 Sed
254 1247 439 1321 postquam
471 1236 509 1294 in
539 1246 649 1296 castra
680 1237 828 1297 nuncius
860 1240 1036 1322 peruenit,

86 1340 217 1404 Romae
245 1339 521 1402 coniurationem
545 1336 773 1426 patefactam3
804 1336 847 1401 de
871 1337 1036 1418 Lentulo,

85 1444 254 1533 Cethego,
281 1445 416 1521 ceteris,
443 1464 529 1530 quos
550 1463 653 1531 supra
671 1449 877 1521 memorasti,
905 1442 1038 1534 suppli-

86 1557 180 1616 cium
208 1563 385 1613 sumtum:
431 1545 604 1637 plerique,
630 1570 716 1636 quos
737 1547 780 1611 ad
805 1545 938 1613 bellum
960 1571 1038 1637 spes

85 1662 298 1744 rapinarum,
328 1666 389 1733 aut
409 1672 581 1715 nouarum
602 1673 720 1715 rerum
738 1651 901 1717 studium·
919 1651 1038 1720 illexe-

83 1776 156 1838 rat,
195 1755 419 1833 dilabuntur3
461 1753 614 1845 reliquos
644 1754 793 1821 Catilina
817 1780 881 1847 per
907 1765 1036 1825 montis

83 1885 222 1952 asperos
240 1856 373 1950 magnis
392 1859 574 1924 itineribus
593 1865 630 1924 in
649 1884 771 1950 agrum
791 1861 1036 1930 Pistoriensem

82 1969 244 2034 abducit:
290 1988 332 2031 eo
356 1963 518 2046 consilio,
553 1971 603 2032 vti
626 1988 690 2055 per
716 1974 871 2033 tramites
899 1968 1037 2036 occulte

83 2061 310 2165 perfugerant
328 2074 385 2135 ir(
388 2063 551 2141 Galliam.
581 2069 649 2137 .At
674 2072 716 2159 Q
747 2070 913 2138 Metellus
934 2073 1036 2141 Celer

82 2203 165 2246 cum
194 2178 304 2243 tribus
326 2174 532 2266 legionibus,
550 2181 585 2240 in
610 2198 692 2265 agro
712 2176 839 2243 PIceno
866 2180 1035 2268 praeside·

82 2286 153 2365 bat,
182 2309 222 2349 ex
240 2279 446 2348 difficultate
460 2303 580 2346 rerum
596 2280 717 2347 eadem
737 2280 797 2347 illa
809 2274 1032 2365 existumans,

83 2414 171 2481 quae
196 2410 301 2477 supra
325 2386 493 2466 diximus,
524 2385 711 2453 Catilinam
734 2394 873 2480 agitare.
922 2391 1034 2480 Igitur

80 2495 139 2560 vbi
165 2501 234 2559 iter
259 2499 332 2556 eius
360 2516 401 2558 en
427 2491 581 2583 perfugis
607 2501 791 2582 cognouit,
819 2510 929 2562 castra
950 2518 1032 2586 pro·

81 2621 166 2689 pere
184 2614 306 2665 mouet
324 2620 364 2663 ac
382 2596 446 2663 sub
462 2604 544 2688 ipsis
562 2596 736 2687 radicibus
752 2588 927 2666 montium
947 2623 1032 2668 con-

81 2703 184 2783 sedit,
197 2714 201 2721 ’
212 2726 280 2793 qua
296 2701 349 2767 illi
367 2703 548 2768 descensus
563 2719 637 2768 erat
663 2710 718 2787 (in
733 2703 882 2772 Galliam
905 2730 1031 2798 prope-

79 2814 203 2891 ranti).
254 2808 378 2898 Neque
403 2824 521 2873 tamen
542 2808 716 2875 Antonius
741 2811 865 2900 procul
892 2811 1025 2879 aberat:

80 2930 204 3005 utpote
235 2920 295 3003 qui
325 2937 451 3004 magno
483 2918 650 2994 exercitu,
696 2913 782 2980 locis
810 2919 1031 3008 aequioribus

81 3021 274 3110 expeditus,
291 3025 328 3083 in
344 3018 425 3108 fuga
441 3014 654 3106 sequeretur.
694 3020 762 3086 Sed
776 3021 924 3088 Catilina
935 3042 1030 3114 post·

81 3148 186 3215 quam
206 3122 311 3191 videt*
322 3122 499 3188 montibus
520 3134 622 3212 'atque
643 3131 753 3215 copiis
777 3126 931 3193 hostium
956 3153 1030 3197 sese

79 3229 249 3307 clausum,
277 3233 314 3292 in
329 3228 411 3293 vrbe
433 3250 486 3294 res
506 3227 676 3310 aduersas,
692 3233 942 3324 neque-fugae,
968 3261 1030 3303 ne—

79 3354 149 3431 ·que
167 3333 330 3424 praesidii
351 3331 455 3399 vllam
475 3354 587 3423 spem:
605 3352 807 3425 ‘optumum
823 3337 955 3406 factum
975 3366 1029 3408 ra-

80 3457 150 3517 tus,
170 3446 208 3503 in
227 3438 288 3505 tali
302 3462 341 3504 re
353 3439 529 3504 fortunam
543 3437 626 3505 belli
643 3453 789 3523 tentare,
813 3453 1029 3514 statuiteum

79 3544 237 3610 Antonio
255 3568 359 3635 quam
377 3551 533 3634 primum·
547 3544 742 3635 confligere.
791 3549 930 3641 Itaque,¹
944 3574 1027 3618 con-

78 3641 181 3716 eione
206 3647 391 3730 aduocata,¹
411 3649 653 3751 huiuscemodi
677 3658 872 3726 orationem
890 3654 1022 3725 habui-t.
