2258 3998
294 94 787 199 moveant-uvat.
979 97 1024 191 s,
1075 178 1079 184 ,

129 210 133 221 “
637 210 649 237 Ι

62 266 185 320 tamen
202 266 453 345 proftempore
479 250 627 342 benigne
645 252 842 342 respondit..
863 255 1024 349 ·Mtieipsu

59 363 185 451 paucis
210 355 332 423 diebus
360 363 521 422 moritur.
593 356 783 447 Postquam
810 357 883 441 illi,
917 380 1034 441 more-

59 470 176 553 regio,
203 469 295 541 iusta
310 460 496 552 magnifice
524 460 697 545 fecerant,
727 463 840 553 reguli
856 471 898 531 in
915 486 1021 545 unum

60 591 278 648 conuenere,
311 573 362 633 vti
389 568 483 632 inter
501 590 538 631 se
562 565 605 632 de
633 576 768 637 cunctis
786 574 934 660 negotiis
953 570 1021 649 dis}

59 689 257 765 captarent,
307 670 376 738 Sed
388 670 584 763 Hiempsal,
611 679 673 762 qui
685 679 865 741 minumus
881 699 928 747 ex,
939 674 1019 757 illis,

57 796 188 849 natura
204 772 326 857 ¹'ierom
360 783 468 843 etiam
493 793 595 843 antea
620 776 878 867 ignobilitatem
899 782 1021 871 logum,

56 886 143 956 tlrae
176 890 278 976 (quia
304 888 464 961 materno
492 906 620 973 genere
646 889 760 972 impar
788 885 1020 978 erat).deppiae

56 997 169 1073 piens,
199 989 341 1057 dextera
359 982 604 1056 ¹Adherbalem
629 988 779 1055 adsedit:
811 1014 856 1059 ne
883 984 1020 1073 medius

56 1119 102 1164 ex
119 1094 250 1173 tribus,
265 1093 373 1185 ,quod
399 1093 494 1183 apud
512 1092 685 1165 Numidas
712 1092 836 1167 honori
863 1096 1017 1179 ducitur,

56 1199 345 1291 Iugurtha-foret.
375 1268 378 1275 ,
396 1198 490 1263 Dein·
506 1213 635 1279 tamen,
661 1206 715 1267 ¹vti
729 1208 835 1269 aetati
850 1202 1019 1281 concede-

55 1322 132 1391 ret,
160 1304 324 1396 fatigatus
356 1326 377 1369 a
400 1303 533 1384 fratre,
570 1312 624 1387 rix
642 1310 684 1383 ¹in,
712 1323 849 1394 partem
873 1306 1018 1387 alteram

56 1410 281 1497 transductus
300 1425 362 1475 est.
386 1458 389 1465 -
412 1408 466 1475 lbi
485 1402 565 1475 'cum
585 1408 695 1481 multa
711 1410 755 1477 de
773 1411 1018 1490 administren«

56 1516 107 1589 do
131 1500 285 1607 imperio
305 1513 532 1595 dissererent,
559 1514 725 1602 Iugurtha
746 1520 840 1582 inter
860 1516 943 1585 alias
965 1541 1018 1585 res

57 1627 190 1709 incitas
220 1641 435 1685 oronrana
485 1640 761 1699 ernorrnnu
809 1644 1018 1690 consvtra

54 1750 195 1813 omnia
220 1748 268 1791 rr
292 1747 476 1807 rasuera
502 1747 710 1790 nasorum.
760 1750 848 1793 nam
872 1751 946 1798 ran
970 1753 1018 1795 aa

58 1855 257 1903 mausona
289 1853 535 1899 oonrrcrru
568 1853 689 1903 arins
723 1854 922 1901 urcrrsam
955 1858 1017 1901 ra·

54 1960 150 2023 arra
168 1961 303 2021 animo
328 1960 526 2021 vlalnvrssr.
557 1937 651 2003 Tum
674 1961 795 2018 ruam,
820 1938 1015 2029 Hiempsal,

55 2067 357 2124 nasceremur,
392 2041 585 2133 respondit:
609 2065 715 2108 nram
750 2066 870 2112 11²va
893 2068 1017 2113 imru

18 2210 24 2221 ,
57 2173 200 2217 rnrrvs
224 2174 285 2215 nrs
309 2171 516 2214 rnoxvmrs
544 2153 700 2230 (naurs)
727 2170 1016 2217 merear-rorte

57 2278 103 2321 rit
142 2278 307 2321 naonvm
346 2258 598 2319 rrnvnnrssr'.
672 2252 775 2342 Quod
806 2255 950 2320 verbum
977 2263 1015 2320 in

55 2377 181 2454 pectus
203 2359 392 2451 Iugurthae
416 2357 537 2439 altius,
570 2381 674 2448 quam
700 2365 881 2448 quisquam
906 2376 1013 2439 ratus,

55 2464 247 2537 descendit.
318 2465 439 2556 Itaque
462 2488 502 2529 ex
527 2487 568 2529 eo
596 2480 754 2553 tempore
780 2471 831 2529 ira
856 2482 892 2531 et
918 2481 1015 2531 metu

55 2578 177 2639 anxius
199 2569 330 2650 moliri,
357 2594 490 2661 parare,
518 2586 620 2660 atque
642 2592 683 2633 ea
702 2569 807 2636 modo
824 2576 941 2635 animo
961 2571 1018 2636 ha-

56 2679 161 2758 bere,
207 2676 329 2767 quibus
361 2673 544 2765 Hiempsal
576 2698 640 2764 per
664 2671 786 2741 dolum
817 2691 1008 2765 caperetur.

57 2784 158 2871 Quae
181 2781 238 2848 vbi
265 2782 395 2847 tardius
420 2778 769 2873 procedunt,.neque
792 2777 922 2848 lenitur
939 2790 1017 2849 ani-¹

56 2912 137 2957 mus
153 2889 269 2968 ferox,
300 2893 422 2953 statuit
447 2891 571 2977 quonia
597 2884 702 2951 modo
727 2892 907 2978 inceptum
933 2912 1013 2980 per-

55 2990 172 3077 ficere.

387 3097 464 3164 CA
476 3099 519 3163 P.
553 3094 620 3169 VJ
622 3096 648 3159 I
648 3097 679 3161 I.

123 3204 242 3272 Primo
257 3219 446 3282 conuentu,
470 3225 575 3292 quem
593 3201 634 3268 ab
658 3199 784 3290 regulis
806 3202 938 3269 factum
957 3226 1013 3269 su·

55 3332 122 3402 pra
144 3314 357 3387 memoraui,
388 3324 534 3399 propter
559 3306 809 3373 dissensionem
836 3305 1015 3397 placuerat

55 3414 171 3482 diuidi
198 3416 393 3492 thesauros,
422 3412 569 3505 finisque
595 3418 735 3501 imperii
760 3410 1013 3500 singulis-con·

54 3526 168 3601 stitui.
217 3520 338 3611 ltaque
358 3535 497 3609 tempus
522 3518 565 3584 ad
592 3535 770 3606 vtramque
793 3539 869 3581 rem
894 3517 1014 3587 <lecer-

54 3631 173 3709 uitur„
190 3624 253 3693 sed
270 3630 443 3696 maturius
461 3623 504 3691 ad
521 3628 708 3714 pecuniam
724 3619 1025 3701 distribuendam,

519 3728 550 3800 E
573 3754 595 3801 a
