<?xml version="1.0" encoding="UTF-8"?>
<!DOCTYPE html PUBLIC "-//W3C//DTD XHTML 1.0 Transitional//EN"
    "http://www.w3.org/TR/xhtml1/DTD/xhtml1-transitional.dtd">
<html xmlns="http://www.w3.org/1999/xhtml" xml:lang="en" lang="en">
 <head>
  <title>
</title>
<meta http-equiv="Content-Type" content="text/html;charset=utf-8" />
  <meta name='ocr-system' content='tesseract 3.04.00' />
  <meta name='ocr-capabilities' content='ocr_page ocr_carea ocr_par ocr_line ocrx_word'/>
</head>
<body>
  <div class='ocr_page' id='page_1' title='image "./caivscrispvssal00sallgoog_0081.png"; bbox 0 0 2258 3998; ppageno 0'>
   <div class='ocr_carea' id='block_1_1' title="bbox 101 107 826 209">
    <p class='ocr_par' dir='ltr' id='par_1_1' title="bbox 101 107 826 209">
     <span class='ocr_line' id='line_1_1' title="bbox 101 107 826 209; baseline -0.014 -30"><span class='ocrx_word' id='word_1_1' title='bbox 101 114 147 209; x_wconf 52' lang='grc' dir='ltr'>ὦ</span> <span class='ocrx_word' id='word_1_2' title='bbox 365 107 826 195; x_wconf 46' lang='grc' dir='ltr'><em>ῃΒΕβΒῩΜη·</em></span> 
     </span>
    </p>
   </div>
   <div class='ocr_carea' id='block_1_2' title="bbox 46 269 1125 3741">
    <p class='ocr_par' dir='ltr' id='par_1_2' title="bbox 46 269 1125 3314">
     <span class='ocr_line' id='line_1_2' title="bbox 103 269 1061 362; baseline -0.008 -23"><span class='ocrx_word' id='word_1_3' title='bbox 103 277 273 339; x_wconf 82' lang='lat' dir='ltr'><em>istumans</em></span> <span class='ocrx_word' id='word_1_4' title='bbox 302 296 375 338; x_wconf 88' lang='lat' dir='ltr'><em>non</em></span> <span class='ocrx_word' id='word_1_5' title='bbox 395 275 516 353; x_wconf 75' lang='lat' dir='ltr'><em>minus</em></span> <span class='ocrx_word' id='word_1_6' title='bbox 530 272 702 359; x_wconf 79' lang='lat' dir='ltr'><em>¹nie-tibi,</em></span> <span class='ocrx_word' id='word_1_7' title='bbox 726 284 853 362; x_wconf 77' lang='lat' dir='ltr'><em>quam·</em></span> <span class='ocrx_word' id='word_1_8' title='bbox 868 269 994 346; x_wconf 57' lang='lat' dir='ltr'><em>metis,</em></span> <span class='ocrx_word' id='word_1_9' title='bbox 1024 269 1061 331; x_wconf 83' lang='lat' dir='ltr'><em>si</em></span> 
     </span>
     <span class='ocr_line' id='line_1_3' title="bbox 98 376 1059 467; baseline -0.005 -23"><span class='ocrx_word' id='word_1_10' title='bbox 98 383 303 467; x_wconf 76' lang='lat' dir='ltr'><em>genuissem,</em></span> <span class='ocrx_word' id='word_1_11' title='bbox 333 380 376 443; x_wconf 88' lang='lat' dir='ltr'><em>ob</em></span> <span class='ocrx_word' id='word_1_12' title='bbox 392 378 555 465; x_wconf 67' lang='lat' dir='ltr'><em>beneficia</em></span> <span class='ocrx_word' id='word_1_13' title='bbox 572 401 692 443; x_wconf 90' lang='lat' dir='ltr'><em>carum</em></span> <span class='ocrx_word' id='word_1_14' title='bbox 701 376 804 466; x_wconf 78' lang='lat' dir='ltr'><em>fore:</em></span> <span class='ocrx_word' id='word_1_15' title='bbox 827 398 938 465; x_wconf 83' lang='lat' dir='ltr'><em>neque</em></span> <span class='ocrx_word' id='word_1_16' title='bbox 950 396 991 451; x_wconf 82' lang='lat' dir='ltr'><em>ea</em></span> <span class='ocrx_word' id='word_1_17' title='bbox 1005 396 1059 439; x_wconf 74' lang='lat' dir='ltr'><em>res</em></span> 
     </span>
     <span class='ocr_line' id='line_1_4' title="bbox 90 482 1060 576; baseline -0.008 -26"><span class='ocrx_word' id='word_1_18' title='bbox 90 484 232 576; x_wconf 89' lang='lat' dir='ltr'><em>falsum</em></span> <span class='ocrx_word' id='word_1_19' title='bbox 248 485 385 565; x_wconf 74' lang='lat' dir='ltr'><em>habuit.</em></span> <span class='ocrx_word' id='word_1_20' title='bbox 433 484 546 566; x_wconf 77' lang='lat' dir='ltr'><em>Nam</em></span> <span class='ocrx_word' id='word_1_21' title='bbox 554 502 601 549; x_wconf 77' lang='lat' dir='ltr'><em>ut</em></span> <span class='ocrx_word' id='word_1_22' title='bbox 621 485 661 547; x_wconf 85' lang='lat' dir='ltr'><em>al</em></span> <span class='ocrx_word' id='word_1_23' title='bbox 661 486 697 546; x_wconf 87' lang='lat' dir='ltr'><em>ia</em></span> <span class='ocrx_word' id='word_1_24' title='bbox 717 504 850 570; x_wconf 75' lang='lat' dir='ltr'><em>magna</em></span> <span class='ocrx_word' id='word_1_25' title='bbox 869 499 905 546; x_wconf 84' lang='lat' dir='ltr'><em>et</em></span> <span class='ocrx_word' id='word_1_26' title='bbox 920 482 1060 568; x_wconf 79' lang='lat' dir='ltr'><em>egregia</em></span> 
     </span>
     <span class='ocr_line' id='line_1_5' title="bbox 100 590 1059 680; baseline -0.006 -25"><span class='ocrx_word' id='word_1_27' title='bbox 100 609 163 656; x_wconf 87' lang='lat' dir='ltr'><em>tuo</em></span> <span class='ocrx_word' id='word_1_28' title='bbox 186 594 353 679; x_wconf 81' lang='lat' dir='ltr'><em>omittam,</em></span> <span class='ocrx_word' id='word_1_29' title='bbox 383 610 580 665; x_wconf 76' lang='lat' dir='ltr'><em>nouissume</em></span> <span class='ocrx_word' id='word_1_30' title='bbox 606 590 738 654; x_wconf 85' lang='lat' dir='ltr'><em>rediens</em></span> <span class='ocrx_word' id='word_1_31' title='bbox 762 590 965 680; x_wconf 77' lang='lat' dir='ltr'><em>Numantia</em></span> <span class='ocrx_word' id='word_1_32' title='bbox 987 608 1059 649; x_wconf 87' lang='lat' dir='ltr'><em>me-</em></span> 
     </span>
     <span class='ocr_line' id='line_1_6' title="bbox 101 672 1059 788; baseline -0.006 -27"><span class='ocrx_word' id='word_1_33' title='bbox 101 720 170 788; x_wconf 92' lang='lat' dir='ltr'><em>que</em></span> <span class='ocrx_word' id='word_1_34' title='bbox 194 719 405 784; x_wconf 71' lang='lat' dir='ltr'><em>regnumque</em></span> <span class='ocrx_word' id='word_1_35' title='bbox 433 719 559 773; x_wconf 88' lang='lat' dir='ltr'><em>meum</em></span> <span class='ocrx_word' id='word_1_36' title='bbox 564 696 693 782; x_wconf 76' lang='lat' dir='ltr'><em>gloria</em></span> <span class='ocrx_word' id='word_1_37' title='bbox 722 672 959 768; x_wconf 76' lang='lat' dir='ltr'><em>honorauisti3</em></span> <span class='ocrx_word' id='word_1_38' title='bbox 995 709 1059 759; x_wconf 85' lang='lat' dir='ltr'><em>tua</em></span> 
     </span>
     <span class='ocr_line' id='line_1_7' title="bbox 101 794 1059 885; baseline -0.005 -19"><span class='ocrx_word' id='word_1_39' title='bbox 101 805 233 866; x_wconf 82' lang='lat' dir='ltr'><em>virtute</em></span> <span class='ocrx_word' id='word_1_40' title='bbox 263 802 360 885; x_wconf 88' lang='lat' dir='ltr'><em>nobis</em></span> <span class='ocrx_word' id='word_1_41' title='bbox 390 794 582 883; x_wconf 85' lang='lat' dir='ltr'><em>Romanos</em></span> <span class='ocrx_word' id='word_1_42' title='bbox 598 825 643 865; x_wconf 76' lang='lat' dir='ltr'><em>esc</em></span> <span class='ocrx_word' id='word_1_43' title='bbox 669 803 790 865; x_wconf 83' lang='lat' dir='ltr'><em>amicis</em></span> <span class='ocrx_word' id='word_1_44' title='bbox 822 802 1059 863; x_wconf 76' lang='lat' dir='ltr'><em>amicissumos</em></span> 
     </span>
     <span class='ocr_line' id='line_1_8' title="bbox 89 906 1056 997; baseline -0.004 -26"><span class='ocrx_word' id='word_1_45' title='bbox 89 908 231 997; x_wconf 74' lang='lat' dir='ltr'><em>fecisti;</em></span> <span class='ocrx_word' id='word_1_46' title='bbox 258 910 297 971; x_wconf 86' lang='lat' dir='ltr'><em>in</em></span> <span class='ocrx_word' id='word_1_47' title='bbox 313 907 491 996; x_wconf 71' lang='lat' dir='ltr'><em>Hispania</em></span> <span class='ocrx_word' id='word_1_48' title='bbox 508 920 633 987; x_wconf 71' lang='lat' dir='ltr'><em>nonsen</em></span> <span class='ocrx_word' id='word_1_49' title='bbox 646 906 815 997; x_wconf 84' lang='lat' dir='ltr'><em>familiae</em></span> <span class='ocrx_word' id='word_1_50' title='bbox 830 922 1056 979; x_wconf 67' lang='lat' dir='ltr'><em>renouatum</em></span> 
     </span>
     <span class='ocr_line' id='line_1_9' title="bbox 96 1011 1058 1104; baseline -0.009 -22"><span class='ocrx_word' id='word_1_51' title='bbox 96 1032 278 1104; x_wconf 78' lang='lat' dir='ltr'><em>postrerno,</em></span> <span class='ocrx_word' id='word_1_52' title='bbox 302 1012 777 1102; x_wconf 22' lang='lat' dir='ltr'><em>quodlrlifficiilumumiuter</em></span> <span class='ocrx_word' id='word_1_53' title='bbox 792 1011 959 1088; x_wconf 80' lang='lat' dir='ltr'><em>mortalis,</em></span> <span class='ocrx_word' id='word_1_54' title='bbox 980 1011 1058 1097; x_wconf 78' lang='lat' dir='ltr'><em>glo·</em></span> 
     </span>
     <span class='ocr_line' id='line_1_10' title="bbox 101 1117 1059 1221; baseline -0.003 -39"><span class='ocrx_word' id='word_1_55' title='bbox 101 1124 156 1182; x_wconf 89' lang='lat' dir='ltr'><em>ria</em></span> <span class='ocrx_word' id='word_1_56' title='bbox 180 1118 355 1207; x_wconf 52' lang='lat' dir='ltr'><em>inuidiam</em></span> <span class='ocrx_word' id='word_1_57' title='bbox 372 1121 498 1202; x_wconf 74' lang='lat' dir='ltr'><em>vicisti.</em></span> <span class='ocrx_word' id='word_1_58' title='bbox 541 1119 667 1221; x_wconf 61' lang='lat' dir='ltr'><em>Neine,</em></span> <span class='ocrx_word' id='word_1_59' title='bbox 696 1122 866 1207; x_wconf 88' lang='lat' dir='ltr'><em>quoniam</em></span> <span class='ocrx_word' id='word_1_60' title='bbox 883 1117 1059 1180; x_wconf 68' lang='lat' dir='ltr'><em>millitia</em></span> 
     </span>
     <span class='ocr_line' id='line_1_11' title="bbox 101 1214 1061 1335; baseline -0.003 -48"><span class='ocrx_word' id='word_1_61' title='bbox 101 1241 181 1287; x_wconf 83' lang='lat' dir='ltr'><em>tura</em></span> <span class='ocrx_word' id='word_1_62' title='bbox 206 1227 301 1287; x_wconf 83' lang='lat' dir='ltr'><em>vitae</em></span> <span class='ocrx_word' id='word_1_63' title='bbox 315 1214 431 1310; x_wconf 79' lang='lat' dir='ltr'><em>finem</em></span> <span class='ocrx_word' id='word_1_64' title='bbox 446 1222 558 1312; x_wconf 86' lang='lat' dir='ltr'><em>facit,</em></span> <span class='ocrx_word' id='word_1_65' title='bbox 588 1246 653 1313; x_wconf 84' lang='lat' dir='ltr'><em>per</em></span> <span class='ocrx_word' id='word_1_66' title='bbox 676 1225 768 1286; x_wconf 79' lang='lat' dir='ltr'><em>lianc</em></span> <span class='ocrx_word' id='word_1_67' title='bbox 796 1223 970 1301; x_wconf 76' lang='lat' dir='ltr'><em>dextram,</em></span> <span class='ocrx_word' id='word_1_68' title='bbox 994 1243 1061 1335; x_wconf 78' lang='lat' dir='ltr'><em>per</em></span> 
     </span>
     <span class='ocr_line' id='line_1_12' title="bbox 101 1300 1059 1419; baseline -0.003 -26"><span class='ocrx_word' id='word_1_69' title='bbox 101 1329 321 1416; x_wconf 78' lang='lat' dir='ltr'><em>regnifidem</em></span> <span class='ocrx_word' id='word_1_70' title='bbox 343 1353 463 1393; x_wconf 89' lang='lat' dir='ltr'><em>moneo</em></span> <span class='ocrx_word' id='word_1_71' title='bbox 469 1331 701 1419; x_wconf 80' lang='lat' dir='ltr'><em>obtestorque,</em></span> <span class='ocrx_word' id='word_1_72' title='bbox 731 1332 787 1392; x_wconf 83' lang='lat' dir='ltr'><em>vti</em></span> <span class='ocrx_word' id='word_1_73' title='bbox 809 1329 882 1408; x_wconf 78' lang='lat' dir='ltr'><em>hos,</em></span> <span class='ocrx_word' id='word_1_74' title='bbox 909 1331 973 1418; x_wconf 89' lang='lat' dir='ltr'><em>qui</em></span> <span class='ocrx_word' id='word_1_75' title='bbox 994 1300 1059 1392; x_wconf 83' lang='lat' dir='ltr'><em>tibi</em></span> 
     </span>
     <span class='ocr_line' id='line_1_13' title="bbox 97 1434 1053 1525; baseline -0.005 -25"><span class='ocrx_word' id='word_1_76' title='bbox 97 1458 221 1522; x_wconf 75' lang='lat' dir='ltr'><em>genere</em></span> <span class='ocrx_word' id='word_1_77' title='bbox 252 1438 461 1525; x_wconf 84' lang='lat' dir='ltr'><em>propinqui,</em></span> <span class='ocrx_word' id='word_1_78' title='bbox 507 1435 667 1523; x_wconf 69' lang='lat' dir='ltr'><em>beneficio</em></span> <span class='ocrx_word' id='word_1_79' title='bbox 700 1459 789 1513; x_wconf 79' lang='lat' dir='ltr'><em>meo</em></span> <span class='ocrx_word' id='word_1_80' title='bbox 796 1434 932 1525; x_wconf 70' lang='lat' dir='ltr'><em>:fratres</em></span> <span class='ocrx_word' id='word_1_81' title='bbox 961 1451 1053 1511; x_wconf 87' lang='lat' dir='ltr'><em>sunt,</em></span> 
     </span>
     <span class='ocr_line' id='line_1_14' title="bbox 101 1540 1057 1629; baseline -0.003 -25"><span class='ocrx_word' id='word_1_82' title='bbox 101 1540 356 1629; x_wconf 28' lang='lat' dir='ltr'><em>caros-habeas:</em></span> <span class='ocrx_word' id='word_1_83' title='bbox 382 1565 449 1605; x_wconf 86' lang='lat' dir='ltr'><em>neu</em></span> <span class='ocrx_word' id='word_1_84' title='bbox 464 1543 569 1605; x_wconf 86' lang='lat' dir='ltr'><em>malis</em></span> <span class='ocrx_word' id='word_1_85' title='bbox 581 1542 714 1605; x_wconf 82' lang='lat' dir='ltr'><em>alienos</em></span> <span class='ocrx_word' id='word_1_86' title='bbox 730 1541 928 1627; x_wconf 78' lang='lat' dir='ltr'><em>adiungere,</em></span> <span class='ocrx_word' id='word_1_87' title='bbox 948 1562 1057 1628; x_wconf 86' lang='lat' dir='ltr'><em>quom</em></span> 
     </span>
     <span class='ocr_line' id='line_1_15' title="bbox 100 1647 1052 1733; baseline -0.002 -22"><span class='ocrx_word' id='word_1_88' title='bbox 100 1650 274 1733; x_wconf 78' lang='lat' dir='ltr'><em>sanguine</em></span> <span class='ocrx_word' id='word_1_89' title='bbox 308 1649 508 1711; x_wconf 85' lang='lat' dir='ltr'><em>coniunctos</em></span> <span class='ocrx_word' id='word_1_90' title='bbox 538 1650 688 1710; x_wconf 84' lang='lat' dir='ltr'><em>retinere.</em></span> <span class='ocrx_word' id='word_1_91' title='bbox 759 1647 846 1727; x_wconf 89' lang='lat' dir='ltr'><em>Non</em></span> <span class='ocrx_word' id='word_1_92' title='bbox 874 1648 1052 1724; x_wconf 83' lang='lat' dir='ltr'><em>exercitus,</em></span> 
     </span>
     <span class='ocr_line' id='line_1_16' title="bbox 100 1751 1054 1845; baseline -0.003 -29"><span class='ocrx_word' id='word_1_93' title='bbox 100 1775 213 1841; x_wconf 87' lang='lat' dir='ltr'><em>neque</em></span> <span class='ocrx_word' id='word_1_94' title='bbox 225 1751 381 1814; x_wconf 79' lang='lat' dir='ltr'><em>thesauri</em></span> <span class='ocrx_word' id='word_1_95' title='bbox 389 1751 564 1837; x_wconf 74' lang='lat' dir='ltr'><em>praesidia</em></span> <span class='ocrx_word' id='word_1_96' title='bbox 579 1756 679 1837; x_wconf 76' lang='lat' dir='ltr'><em>regni</em></span> <span class='ocrx_word' id='word_1_97' title='bbox 690 1770 783 1832; x_wconf 92' lang='lat' dir='ltr'><em>sunt,</em></span> <span class='ocrx_word' id='word_1_98' title='bbox 797 1774 926 1845; x_wconf 76' lang='lat' dir='ltr'><em>versun¹</em></span> <span class='ocrx_word' id='word_1_99' title='bbox 935 1754 1054 1829; x_wconf 87' lang='lat' dir='ltr'><em>amici,</em></span> 
     </span>
     <span class='ocr_line' id='line_1_17' title="bbox 99 1859 1057 1946; baseline -0.001 -27"><span class='ocrx_word' id='word_1_100' title='bbox 99 1879 187 1946; x_wconf 91' lang='lat' dir='ltr'><em>quos</em></span> <span class='ocrx_word' id='word_1_101' title='bbox 211 1876 335 1944; x_wconf 35' lang='lat' dir='ltr'><em>neque,</em></span> <span class='ocrx_word' id='word_1_102' title='bbox 352 1859 460 1935; x_wconf 80' lang='lat' dir='ltr'><em>annis</em></span> <span class='ocrx_word' id='word_1_103' title='bbox 486 1878 602 1942; x_wconf 78' lang='lat' dir='ltr'><em>eogere</em></span> <span class='ocrx_word' id='word_1_104' title='bbox 612 1903 623 1934; x_wconf 96' lang='lat'><em>,</em></span> <span class='ocrx_word' id='word_1_105' title='bbox 668 1880 778 1946; x_wconf 90' lang='lat' dir='ltr'><em>neque</em></span> <span class='ocrx_word' id='word_1_106' title='bbox 796 1868 898 1923; x_wconf 87' lang='lat' dir='ltr'><em>&#39;auro</em></span> <span class='ocrx_word' id='word_1_107' title='bbox 928 1877 1057 1946; x_wconf 80' lang='lat' dir='ltr'><em>parare</em></span> 
     </span>
     <span class='ocr_line' id='line_1_18' title="bbox 100 1958 1056 2052; baseline 0 -27"><span class='ocrx_word' id='word_1_108' title='bbox 100 1983 227 2052; x_wconf 83' lang='lat' dir='ltr'><em>queas:</em></span> <span class='ocrx_word' id='word_1_109' title='bbox 264 1958 380 2048; x_wconf 81' lang='lat' dir='ltr'><em>officio</em></span> <span class='ocrx_word' id='word_1_110' title='bbox 407 1958 532 2048; x_wconf 73' lang='lat' dir='ltr'><em>et&#39;fide</em></span> <span class='ocrx_word' id='word_1_111' title='bbox 553 1965 751 2052; x_wconf 76' lang='lat' dir='ltr'><em>pariuntur.</em></span> <span class='ocrx_word' id='word_1_112' title='bbox 793 1963 912 2051; x_wconf 80' lang='lat' dir='ltr'><em>.·.Quis</em></span> <span class='ocrx_word' id='word_1_113' title='bbox 938 1978 1056 2025; x_wconf 87' lang='lat' dir='ltr'><em>autem</em></span> 
     </span>
     <span class='ocr_line' id='line_1_19' title="bbox 99 2062 1118 2158; baseline -0.002 -26"><span class='ocrx_word' id='word_1_114' title='bbox 99 2070 256 2145; x_wconf 83' lang='lat' dir='ltr'><em>amicior,</em></span> <span class='ocrx_word' id='word_1_115' title='bbox 287 2088 395 2155; x_wconf 85' lang='lat' dir='ltr'><em>quam</em></span> <span class='ocrx_word' id='word_1_116' title='bbox 406 2062 526 2155; x_wconf 86' lang='lat' dir='ltr'><em>frater</em></span> <span class='ocrx_word' id='word_1_117' title='bbox 537 2064 681 2156; x_wconf 81' lang='lat' dir='ltr'><em>fratri?</em></span> <span class='ocrx_word' id='word_1_118' title='bbox 704 2085 769 2132; x_wconf 82' lang='lat' dir='ltr'><em>auc</em></span> <span class='ocrx_word' id='word_1_119' title='bbox 782 2090 886 2158; x_wconf 88' lang='lat' dir='ltr'><em>quem</em></span> <span class='ocrx_word' id='word_1_120' title='bbox 898 2067 1057 2131; x_wconf 83' lang='lat' dir='ltr'><em>alienum</em></span> <span class='ocrx_word' id='word_1_121' title='bbox 1115 2076 1118 2081; x_wconf 85' lang='lat'>&#39;</span> 
     </span>
     <span class='ocr_line' id='line_1_20' title="bbox 88 2169 1056 2264; baseline -0.001 -28"><span class='ocrx_word' id='word_1_122' title='bbox 88 2171 211 2261; x_wconf 87' lang='lat' dir='ltr'><em>fidum</em></span> <span class='ocrx_word' id='word_1_123' title='bbox 224 2175 406 2249; x_wconf 80' lang='lat' dir='ltr'><em>inuenies,</em></span> <span class='ocrx_word' id='word_1_124' title='bbox 435 2177 469 2235; x_wconf 87' lang='lat' dir='ltr'><em>si</em></span> <span class='ocrx_word' id='word_1_125' title='bbox 491 2177 560 2237; x_wconf 84' lang='lat' dir='ltr'><em>tuis</em></span> <span class='ocrx_word' id='word_1_126' title='bbox 584 2173 690 2238; x_wconf 77' lang='lat' dir='ltr'><em>hostis</em></span> <span class='ocrx_word' id='word_1_127' title='bbox 704 2169 848 2264; x_wconf 74' lang='lat' dir='ltr'><em>fiteris?</em></span> <span class='ocrx_word' id='word_1_128' title='bbox 880 2172 1056 2263; x_wconf 81' lang='lat' dir='ltr'><em>Equidem</em></span> 
     </span>
     <span class='ocr_line' id='line_1_21' title="bbox 100 2279 1054 2365; baseline -0.002 -22"><span class='ocrx_word' id='word_1_129' title='bbox 100 2302 161 2365; x_wconf 75' lang='lat' dir='ltr'><em>ego</em></span> <span class='ocrx_word' id='word_1_130' title='bbox 187 2279 286 2342; x_wconf 82' lang='lat' dir='ltr'><em>uobis</em></span> <span class='ocrx_word' id='word_1_131' title='bbox 307 2300 452 2364; x_wconf 79' lang='lat' dir='ltr'><em>regnum</em></span> <span class='ocrx_word' id='word_1_132' title='bbox 472 2279 571 2344; x_wconf 85' lang='lat' dir='ltr'><em>trado</em></span> <span class='ocrx_word' id='word_1_133' title='bbox 587 2279 750 2365; x_wconf 81' lang='lat' dir='ltr'><em>firmum,</em></span> <span class='ocrx_word' id='word_1_134' title='bbox 775 2283 811 2343; x_wconf 86' lang='lat' dir='ltr'><em>si</em></span> <span class='ocrx_word' id='word_1_135' title='bbox 835 2279 919 2343; x_wconf 79' lang='lat' dir='ltr'><em>boni</em></span> <span class='ocrx_word' id='word_1_136' title='bbox 939 2281 1054 2355; x_wconf 82' lang='lat' dir='ltr'><em>eritis,-</em></span> 
     </span>
     <span class='ocr_line' id='line_1_22' title="bbox 99 2384 1056 2473; baseline -0.002 -23"><span class='ocrx_word' id='word_1_137' title='bbox 99 2388 156 2450; x_wconf 87' lang='lat' dir='ltr'><em>sin</em></span> <span class='ocrx_word' id='word_1_138' title='bbox 186 2384 290 2462; x_wconf 89' lang='lat' dir='ltr'><em>mali,</em></span> <span class='ocrx_word' id='word_1_139' title='bbox 319 2385 538 2448; x_wconf 83' lang='lat' dir='ltr'><em>imbecillum.</em></span> <span class='ocrx_word' id='word_1_140' title='bbox 586 2385 685 2449; x_wconf 89' lang='lat' dir='ltr'><em>Nam</em></span> <span class='ocrx_word' id='word_1_141' title='bbox 715 2385 899 2453; x_wconf 84' lang='lat' dir='ltr'><em>concordia</em></span> <span class='ocrx_word' id='word_1_142' title='bbox 920 2405 1056 2473; x_wconf 85' lang='lat' dir='ltr'><em>paruae</em></span> 
     </span>
     <span class='ocr_line' id='line_1_23' title="bbox 102 2489 1048 2578; baseline -0.002 -25"><span class='ocrx_word' id='word_1_143' title='bbox 102 2514 152 2578; x_wconf 74' lang='lat' dir='ltr'><em>res</em></span> <span class='ocrx_word' id='word_1_144' title='bbox 186 2506 356 2567; x_wconf 86' lang='lat' dir='ltr'><em>crescunt,</em></span> <span class='ocrx_word' id='word_1_145' title='bbox 400 2489 572 2553; x_wconf 73' lang='lat' dir='ltr'><em>discordia</em></span> <span class='ocrx_word' id='word_1_146' title='bbox 613 2513 800 2556; x_wconf 79' lang='lat' dir='ltr'><em>maxumae</em></span> <span class='ocrx_word' id='word_1_147' title='bbox 836 2491 1048 2561; x_wconf 81' lang='lat' dir='ltr'><em>dilabuntur.</em></span> 
     </span>
     <span class='ocr_line' id='line_1_24' title="bbox 105 2595 1057 2688; baseline -0.002 -28"><span class='ocrx_word' id='word_1_148' title='bbox 105 2596 262 2661; x_wconf 88' lang='lat' dir='ltr'><em>Ceterum</em></span> <span class='ocrx_word' id='word_1_149' title='bbox 290 2612 372 2658; x_wconf 84' lang='lat' dir='ltr'><em>ante</em></span> <span class='ocrx_word' id='word_1_150' title='bbox 396 2595 532 2674; x_wconf 72' lang='lat' dir='ltr'><em>hoste,</em></span> <span class='ocrx_word' id='word_1_151' title='bbox 563 2595 752 2682; x_wconf 75' lang='lat' dir='ltr'><em>Iugurtha,</em></span> <span class='ocrx_word' id='word_1_152' title='bbox 791 2600 857 2688; x_wconf 87' lang='lat' dir='ltr'><em>qui</em></span> <span class='ocrx_word' id='word_1_153' title='bbox 883 2612 994 2661; x_wconf 84' lang='lat' dir='ltr'><em>aetate</em></span> <span class='ocrx_word' id='word_1_154' title='bbox 1020 2611 1057 2659; x_wconf 80' lang='lat' dir='ltr'><em>ee</em></span> 
     </span>
     <span class='ocr_line' id='line_1_25' title="bbox 100 2702 1054 2791; baseline 0.001 -28"><span class='ocrx_word' id='word_1_155' title='bbox 100 2703 275 2786; x_wconf 82' lang='lat' dir='ltr'><em>sapientia</em></span> <span class='ocrx_word' id='word_1_156' title='bbox 297 2703 396 2786; x_wconf 87' lang='lat' dir='ltr'><em>prior</em></span> <span class='ocrx_word' id='word_1_157' title='bbox 417 2724 463 2776; x_wconf 92' lang='lat' dir='ltr'><em>es,</em></span> <span class='ocrx_word' id='word_1_158' title='bbox 496 2724 541 2764; x_wconf 88' lang='lat' dir='ltr'><em>ne</em></span> <span class='ocrx_word' id='word_1_159' title='bbox 567 2702 670 2765; x_wconf 86' lang='lat' dir='ltr'><em>aliter</em></span> <span class='ocrx_word' id='word_1_160' title='bbox 691 2703 780 2791; x_wconf 85' lang='lat' dir='ltr'><em>quid</em></span> <span class='ocrx_word' id='word_1_161' title='bbox 801 2706 950 2779; x_wconf 87' lang='lat' dir='ltr'><em>eueniat,</em></span> <span class='ocrx_word' id='word_1_162' title='bbox 972 2723 1054 2790; x_wconf 87' lang='lat' dir='ltr'><em>pro·</em></span> 
     </span>
     <span class='ocr_line' id='line_1_26' title="bbox 101 2804 1056 2894; baseline -0.001 -26"><span class='ocrx_word' id='word_1_163' title='bbox 101 2805 218 2868; x_wconf 85' lang='lat' dir='ltr'><em>videre</em></span> <span class='ocrx_word' id='word_1_164' title='bbox 244 2804 345 2885; x_wconf 82' lang='lat' dir='ltr'><em>decet.</em></span> <span class='ocrx_word' id='word_1_165' title='bbox 416 2805 516 2871; x_wconf 88' lang='lat' dir='ltr'><em>Nam</em></span> <span class='ocrx_word' id='word_1_166' title='bbox 552 2810 591 2869; x_wconf 91' lang='lat' dir='ltr'><em>in</em></span> <span class='ocrx_word' id='word_1_167' title='bbox 628 2810 726 2870; x_wconf 90' lang='lat' dir='ltr'><em>omni</em></span> <span class='ocrx_word' id='word_1_168' title='bbox 762 2811 962 2885; x_wconf 82' lang='lat' dir='ltr'><em>certamine,</em></span> <span class='ocrx_word' id='word_1_169' title='bbox 990 2808 1056 2894; x_wconf 84' lang='lat' dir='ltr'><em>qui</em></span> 
     </span>
     <span class='ocr_line' id='line_1_27' title="bbox 101 2902 1125 2999; baseline -0.001 -26"><span class='ocrx_word' id='word_1_170' title='bbox 101 2911 296 2999; x_wconf 79' lang='lat' dir='ltr'><em>opulentior</em></span> <span class='ocrx_word' id='word_1_171' title='bbox 327 2902 392 2990; x_wconf 77' lang='lat' dir='ltr'><em>est,</em></span> <span class='ocrx_word' id='word_1_172' title='bbox 422 2916 583 2979; x_wconf 80' lang='lat' dir='ltr'><em>etiamsi</em></span> <span class='ocrx_word' id='word_1_173' title='bbox 609 2915 737 2998; x_wconf 84' lang='lat' dir='ltr'><em>accipit</em></span> <span class='ocrx_word' id='word_1_174' title='bbox 759 2915 938 2991; x_wconf 89' lang='lat' dir='ltr'><em>iniuriam,</em></span> <span class='ocrx_word' id='word_1_175' title='bbox 967 2914 1054 2999; x_wconf 85' lang='lat' dir='ltr'><em>quia</em></span> <span class='ocrx_word' id='word_1_176' title='bbox 1118 2938 1125 2953; x_wconf 44' lang='lat' dir='ltr'>x</span> 
     </span>
     <span class='ocr_line' id='line_1_28' title="bbox 97 3014 1054 3104; baseline 0 -27"><span class='ocrx_word' id='word_1_177' title='bbox 97 3016 179 3103; x_wconf 83' lang='lat' dir='ltr'><em>plus</em></span> <span class='ocrx_word' id='word_1_178' title='bbox 195 3033 316 3104; x_wconf 83' lang='lat' dir='ltr'><em>potest,</em></span> <span class='ocrx_word' id='word_1_179' title='bbox 333 3014 455 3104; x_wconf 82' lang='lat' dir='ltr'><em>facere</em></span> <span class='ocrx_word' id='word_1_180' title='bbox 472 3017 618 3081; x_wconf 83' lang='lat' dir='ltr'><em>videtur.</em></span> <span class='ocrx_word' id='word_1_181' title='bbox 671 3017 743 3080; x_wconf 90' lang='lat' dir='ltr'><em>Vos</em></span> <span class='ocrx_word' id='word_1_182' title='bbox 765 3036 891 3096; x_wconf 89' lang='lat' dir='ltr'><em>autem,</em></span> <span class='ocrx_word' id='word_1_183' title='bbox 916 3016 1054 3080; x_wconf 79' lang='lat' dir='ltr'><em>Adher-</em></span> 
     </span>
     <span class='ocr_line' id='line_1_29' title="bbox 46 3116 1054 3225; baseline 0.001 -41"><span class='ocrx_word' id='word_1_184' title='bbox 46 3196 52 3205; x_wconf 34' lang='lat'><em>,</em></span> <span class='ocrx_word' id='word_1_185' title='bbox 102 3121 162 3184; x_wconf 79' lang='lat' dir='ltr'><em>bal</em></span> <span class='ocrx_word' id='word_1_186' title='bbox 176 3138 210 3183; x_wconf 87' lang='lat' dir='ltr'><em>et</em></span> <span class='ocrx_word' id='word_1_187' title='bbox 222 3119 422 3209; x_wconf 78' lang='lat' dir='ltr'><em>Hiempsal,</em></span> <span class='ocrx_word' id='word_1_188' title='bbox 445 3124 554 3201; x_wconf 86' lang='lat' dir='ltr'><em>colite,</em></span> <span class='ocrx_word' id='word_1_189' title='bbox 576 3116 751 3225; x_wconf 57' lang='lat' dir='ltr'><em>obseruate</em></span> <span class='ocrx_word' id='word_1_190' title='bbox 770 3125 875 3187; x_wconf 87' lang='lat' dir='ltr'><em>talem</em></span> <span class='ocrx_word' id='word_1_191' title='bbox 891 3123 983 3185; x_wconf 74' lang='lat' dir='ltr'><em>husto</em></span> <span class='ocrx_word' id='word_1_192' title='bbox 997 3125 1054 3185; x_wconf 80' lang='lat' dir='ltr'><em>ui·</em></span> 
     </span>
     <span class='ocr_line' id='line_1_30' title="bbox 103 3230 1055 3314; baseline 0.004 -26"><span class='ocrx_word' id='word_1_193' title='bbox 103 3249 196 3304; x_wconf 88' lang='lat' dir='ltr'><em>rum,</em></span> <span class='ocrx_word' id='word_1_194' title='bbox 228 3230 429 3311; x_wconf 78' lang='lat' dir='ltr'><em>imitamini</em></span> <span class='ocrx_word' id='word_1_195' title='bbox 446 3232 608 3293; x_wconf 83' lang='lat' dir='ltr'><em>uirtutem</em></span> <span class='ocrx_word' id='word_1_196' title='bbox 635 3246 669 3292; x_wconf 86' lang='lat' dir='ltr'><em>et</em></span> <span class='ocrx_word' id='word_1_197' title='bbox 690 3230 885 3305; x_wconf 81' lang='lat' dir='ltr'><em>enitimini,·</em></span> <span class='ocrx_word' id='word_1_198' title='bbox 918 3249 962 3291; x_wconf 87' lang='lat' dir='ltr'><em>ne</em></span> <span class='ocrx_word' id='word_1_199' title='bbox 991 3252 1055 3314; x_wconf 80' lang='lat' dir='ltr'><em>ego</em></span> 
     </span>
    </p>

    <p class='ocr_par' dir='ltr' id='par_1_3' title="bbox 101 3332 1047 3441">
     <span class='ocr_line' id='line_1_31' title="bbox 101 3332 1047 3441; baseline 0.006 -46.311"><span class='ocrx_word' id='word_1_200' title='bbox 101 3332 256 3397; x_wconf 82' lang='lat' dir='ltr'><em>meliores</em></span> <span class='ocrx_word' id='word_1_201' title='bbox 276 3334 396 3397; x_wconf 81' lang='lat' dir='ltr'><em>liberos</em></span> <span class='ocrx_word' id='word_1_202' title='bbox 421 3338 577 3399; x_wconf 85' lang='lat' dir='ltr'><em>sumsisse</em></span> <span class='ocrx_word' id='word_1_203' title='bbox 594 3334 727 3411; x_wconf 83' lang='lat' dir='ltr'><em>videar,</em></span> <span class='ocrx_word' id='word_1_204' title='bbox 760 3354 869 3423; x_wconf 89' lang='lat' dir='ltr'><em>quam</em></span> <span class='ocrx_word' id='word_1_205' title='bbox 881 3337 1047 3441; x_wconf 80' lang='lat' dir='ltr'><em>genuisse</em></span> 
     </span>
    </p>

    <p class='ocr_par' dir='ltr' id='par_1_4' title="bbox 430 3437 720 3505">
     <span class='ocr_line' id='line_1_32' title="bbox 430 3437 720 3505; baseline -0.007 -1"><span class='ocrx_word' id='word_1_206' title='bbox 430 3441 460 3505; x_wconf 80' lang='lat'><em>0</em></span> <span class='ocrx_word' id='word_1_207' title='bbox 475 3438 511 3503; x_wconf 84' lang='lat' dir='ltr'><em>A</em></span> <span class='ocrx_word' id='word_1_208' title='bbox 526 3441 568 3504; x_wconf 92' lang='lat' dir='ltr'><em>P.</em></span> <span class='ocrx_word' id='word_1_209' title='bbox 623 3437 665 3504; x_wconf 91' lang='lat' dir='ltr'><em>V</em></span> <span class='ocrx_word' id='word_1_210' title='bbox 663 3438 689 3501; x_wconf 88' lang='lat' dir='ltr'><strong><em>I</em></strong></span> <span class='ocrx_word' id='word_1_211' title='bbox 689 3438 720 3503; x_wconf 93' lang='lat' dir='ltr'><em>I</em></span> 
     </span>
    </p>

    <p class='ocr_par' dir='ltr' id='par_1_5' title="bbox 166 3538 1053 3634">
     <span class='ocr_line' id='line_1_33' title="bbox 166 3538 1053 3634; baseline 0.006 -30"><span class='ocrx_word' id='word_1_212' title='bbox 166 3538 223 3604; x_wconf 88' lang='lat' dir='ltr'><em>Ad</em></span> <span class='ocrx_word' id='word_1_213' title='bbox 241 3563 282 3606; x_wconf 84' lang='lat' dir='ltr'><em>ea</em></span> <span class='ocrx_word' id='word_1_214' title='bbox 295 3542 473 3631; x_wconf 82' lang='lat' dir='ltr'><em>Iugurtha,</em></span> <span class='ocrx_word' id='word_1_215' title='bbox 503 3550 643 3609; x_wconf 82' lang='lat' dir='ltr'><em>tametsi</em></span> <span class='ocrx_word' id='word_1_216' title='bbox 656 3564 776 3634; x_wconf 83' lang='lat' dir='ltr'><em>regem</em></span> <span class='ocrx_word' id='word_1_217' title='bbox 794 3540 878 3609; x_wconf 83' lang='lat' dir='ltr'><em>ficta</em></span> <span class='ocrx_word' id='word_1_218' title='bbox 894 3540 1053 3610; x_wconf 86' lang='lat' dir='ltr'><em>locutum</em></span> 
     </span>
    </p>

    <p class='ocr_par' dir='ltr' id='par_1_6' title="bbox 99 3641 1049 3741">
     <span class='ocr_line' id='line_1_34' title="bbox 99 3641 1049 3741; baseline 0.004 -31"><span class='ocrx_word' id='word_1_219' title='bbox 99 3641 336 3735; x_wconf 72' lang='lat' dir='ltr'><em>intellegebat,</em></span> <span class='ocrx_word' id='word_1_220' title='bbox 360 3655 486 3741; x_wconf 80' lang='lat' dir='ltr'><em>etipse</em></span> <span class='ocrx_word' id='word_1_221' title='bbox 506 3645 611 3741; x_wconf 75' lang='lat' dir='ltr'><em>longo</em></span> <span class='ocrx_word' id='word_1_222' title='bbox 628 3647 731 3719; x_wconf 78' lang='lat' dir='ltr'><em>ahter</em></span> <span class='ocrx_word' id='word_1_223' title='bbox 743 3655 863 3739; x_wconf 74' lang='lat' dir='ltr'><em>animo</em></span> <span class='ocrx_word' id='word_1_224' title='bbox 882 3647 1049 3739; x_wconf 76' lang='lat' dir='ltr'><em>agitabat:</em></span> 
     </span>
    </p>
   </div>
   <div class='ocr_carea' id='block_1_3' title="bbox 0 0 1135 3998">
    <p class='ocr_par' dir='ltr' id='par_1_7' title="bbox 0 0 1135 3998">
     <span class='ocr_line' id='line_1_35' title="bbox 0 0 1135 3998; baseline 0 0"><span class='ocrx_word' id='word_1_225' title='bbox 0 0 1135 3998; x_wconf 95' lang='lat' dir='ltr'><em> </em></span> 
     </span>
    </p>
   </div>
  </div>
 </body>
</html>
