2258 3998
201 44 219 179 ⁸.
307 95 801 165 terminante„
992 106 1038 192 49

49 260 55 265 ’
77 258 266 339 Ieraterum
281 256 413 319 citrium
432 253 620 341 respublica
644 256 682 317 in
701 276 870 320 maxuma
881 258 1040 346 pericula

77 364 224 439 venerit,
251 359 359 448 bique
380 358 509 422 indicio
535 359 572 423 T.
596 357 638 423 V
632 359 771 421 olturcii
790 378 825 423 ct
844 362 1035 447 legatorum

75 466 309 551 Allobrogum
334 466 485 527 conuicti
510 461 719 552 cenfessique
749 467 840 544 sint,
888 469 1036 549 caedem,

76 571 253 648 incendia,
278 571 354 633 alia
370 569 482 658 foeda
504 586 609 658 atque
632 567 786 633 crudelia
801 569 973 658 facinora
1000 578 1040 637 in

76 679 167 741 cinis
187 677 411 765 patriamqne
433 678 632 761 parauisse5
665 673 707 736 dc
734 674 907 765 confessis,
937 681 1043 769 sicuti¹

75 782 121 846 de
144 779 338 870 manifestis
362 802 475 842 rerum
501 779 717 867 capitalium,
742 801 835 845 more
853 784 1037 862 maiorum,

64 886 289 995 supplicium
313 882 527 949 sarriendum.

347 1060 424 1131 CA
436 1064 477 1127 P.
523 1059 766 1129 XXXXIX.

146 1200 336 1294 Postquam
368 1202 455 1268 Cato
481 1199 638 1282 adsedit,
684 1202 891 1272 Consulares
916 1229 1039 1275 omnes

77 1315 237 1399 itemque
253 1310 399 1375 Senatus
417 1329 542 1397 magna
558 1330 638 1396 pars
653 1316 864 1375 sententiam
879 1319 953 1378 eius
969 1312 1039 1383 lau-

77 1415 177 1495 dant,
193 1421 362 1481 virtutem
376 1418 484 1476 animi
502 1411 545 1476 ad
563 1410 701 1477 coelum
715 1414 834 1480 ferunt
843 1441 852 1493 ;
877 1415 937 1482 alii
951 1416 1039 1485 alios

79 1526 299 1610 increpantes
319 1515 461 1582 timidos
479 1532 623 1595 vocant;
660 1518 747 1582 Cato
766 1541 909 1608 magnus
931 1538 1039 1612 atque

80 1624 195 1693 clarus
216 1623 387 1689 habeturt
421 1622 539 1686 Senati
558 1620 739 1687 decretum
756 1620 813 1702 fit,
844 1631 948 1692 sicuti
976 1626 1039 1693 illa

79 1745 272 1798 censuerat.
322 1726 392 1793 Sed
410 1726 499 1793 mihi
524 1724 636 1792 multa
663 1725 812 1817 legenti,
840 1730 951 1797 multa
976 1755 1036 1798 au·

79 1837 212 1914 dienti‚
254 1856 342 1925 quae
371 1830 522 1923 populus
551 1831 728 1899 Romanus
756 1833 852 1899 domi
879 1836 1038 1905 militiae·

80 1964 166 2033 que,
194 1944 284 2004 mari
308 1955 412 2028 atque
442 1954 535 2002 terra
556 1936 733 2027 praeclara
757 1937 911 2008 facinora
935 1944 1034 2023 lecit,

79 2046 172 2113 forte
199 2041 315 2110 lubuit
337 2041 536 2121 attendere,
567 2065 655 2131 quae
682 2066 735 2108 res
757 2067 917 2112 maxume
939 2064 1036 2115 tanta

80 2156 224 2243 negotia
247 2154 476 2216 sustinuisset.
548 2145 724 2226 Sciebam,
758 2172 860 2239 saepe
887 2175 1038 2219 numero

80 2279 193 2350 parua
205 2278 313 2321 manu
327 2276 410 2320 cum
424 2257 556 2340 magnis
572 2249 766 2341 legionibus
785 2254 939 2323 hostium
953 2282 1036 2333 cou-

82 2361 237 2430 tendisse
244 2386 255 2440 3
284 2381 529 2450 cognoueram,
561 2363 679 2447 paruis
700 2365 809 2448 copiis
832 2359 921 2426 bella
941 2379 1038 2451 gesta

81 2491 167 2542 cum
191 2465 368 2557 opulentis
394 2463 549 2552 regibus3
585 2460 628 2526 ad
654 2461 721 2528 hoc
747 2487 848 2553 saepe
872 2465 1037 2534 fortunae

80 2569 521 2645 violentiamtolerauisset
547 2566 709 2632 facundia
732 2567 897 2650 Graecos,
924 2571 1037 2662 gloria

81 2679 168 2749 belli
186 2675 306 2746 Gallos
323 2691 404 2741 ante
420 2676 594 2740 Romanos
613 2672 730 2738 fuisse.
780 2674 832 2740 Ac
846 2677 935 2743 mihi
949 2678 1036 2745 mul·

80 2804 120 2855 ta
146 2789 293 2875 agitanti
318 2778 514 2857 constabat,
547 2800 740 2868 paucorum
771 2786 905 2849 ciuium
936 2809 1034 2877 egre-

82 2900 177 2983 giam
193 2896 359 2955 virtutem
380 2900 505 2951 cuncta
519 2891 725 2973 patrauisse3
755 2907 866 2976 eoque
886 2889 1032 2974 factum,
1093 2916 1096 2921 ·

82 3004 134 3065 vti
160 2994 301 3061 diuitias
336 3005 541 3081 paupertas,
581 2985 845 3079 multitudinem
877 3002 1034 3084 pancitas

81 3116 272 3193 superaret.
344 3095 413 3164 Sed
437 3110 623 3186 postquam
653 3091 735 3159 luxu
769 3112 874 3186 atque
902 3099 1035 3167 desidia

82 3214 208 3276 ciuitas
236 3218 401 3292 corrupta
426 3216 477 3266 est
489 3226 499 3279 3
528 3220 646 3265 rursus
674 3196 870 3289 respublica
900 3200 1053 3293 magni-¹

81 3314 207 3380 tudine
230 3333 291 3377 sua
309 3315 561 3398 imperatorum
576 3320 682 3395 atque
695 3313 965 3394 magistratuum
983 3318 1034 3378 vi-

12 3464 15 3469 -
82 3426 134 3485 tia
159 3414 378 3484 sustentabat
388 3436 399 3491 3
446 3434 504 3492 ac,
545 3407 654 3478 veluti
681 3408 808 3476 effoeta
831 3430 1031 3501 parentum,

81 3522 206 3593 multis
222 3515 488 3611 tempestatibus
507 3512 600 3581 haud
614 3538 695 3581 sane
706 3523 889 3607 quisquam
904 3519 1037 3591 Romae

82 3636 215 3731 viimo
234 3646 380 3727 magnus
396 3622 475 3692 fuit.
523 3618 594 3693 Sed
607 3627 784 3795 gomoris
802 3644 882 3694 maa
898 3631 1044 3719 timenti¹

238 3732 252 3765 Ι
