2258 3998
291 122 779 198 IVGVRTHINVM.
911 135 1011 223 ¹1257

65 298 156 364 tent,
178 290 216 351 in
231 288 442 350 immensum
460 280 583 362 editus,
608 304 676 351 vno
693 299 902 373 perangusto
915 286 1013 353 aditu
1044 286 1046 291 ’
1078 330 1081 335 -

64 382 212 487 relictos·
231 376 323 455 'tiara
344 392 461 455 omnia
484 405 627 468 natura,
656 386 753 454 velut
779 413 884 479 opere
908 407 1012 483 atque

62 492 226 562 consulto
245 504 419 585 praeceps.
468 495 583 582 Quem
604 491 722 561 locum
743 493 888 575 Marius,
919 495 1011 586 quod

62 598 127 665 ibt*
141 590 233 691 regis
256 597 532 665 thesaurariorum
539 644 550 679 ,
575 614 733 675 'sum-rna¹
747 604 781 663 vi
807 622 931 690 capere
959 607 1012 666 in-

63 692 188 771 tendit
234 702 368 769 *sedeo
390 726 443 769 res
466 703 568 785 forte,
586 694 696 793 quarn
719 701 864 769 consilio
887 704 1011 773 melius

60 822 167 901 gesta.
222 807 322 875 'Nam
350 806 491 874 castello
516 816 676 882 virorum¹
703 821 807 897 atque
833 832 1011 878 armorum

63 920 162 993 satis,
190 916 384 1013 magnatis
402 910 569 979 frumenti
593 928 630 978 et
653 911 729 977 lons
755 926 881 1002 aquae;
909 920 1018 1007 agge,

63 1014 160 1088 ribu‘s
183 1016 411 1107 turribusque
426 1033 460 1083 et
485 1017 561 1082 aliis
579 1016 892 1085 machinationibus
914 1019 1010 1089 locus

63 1132 302 1215 importunus:
348 1128 416 1187 iter
444 1120 708 1191 castellanorum
740 1138 925 1212 angustum
951 1126 1009 1193 ad·

63 1228 222 1308 rhodum,
249 1234 422 1317 utrimque
446 1234 649 1317 praecisum.
697 1226 833 1296 Vineae
854 1251 935 1293 cum
956 1237 1009 1297 in-

62 1332 161 1425 genti
185 1331 342 1425 periculo
363 1330 489 1399 flustra
508 1330 704 1421 agebantur.
738 1354 818 1396 nam
844 1356 924 1399 cunr
950 1358 1010 1403 eae

59 1438 221 1531 paullum
249 1453 501 1531 processerant,
532 1441 621 1524 igni,
649 1451 709 1501 aut
736 1433 906 1524 lapidibus
934 1463 1009 1507 cor·

61 1536 347 1635 mlnpebanturr·
364 1540 491 1607 milites
522 1562 634 1630 neque
661 1563 724 1631 pro
752 1562 857 1631 opere
881 1552 1009 1613 consis-

61 1636 150 1729 tere,
181 1664 327 1739 propter
350 1638 571 1737 iniquitatem
596 1642 679 1723 loci;
713 1667 827 1735 neque
852 1652 944 1714 inter
965 1658 1009 1718 vi-

62 1756 255 1837 sleas'ainej
269 1748 423 1843 periculo
446 1750 702 1816 administrare:
733 1765 896 1840 optumus
916 1762 1008 1843 quis.

62 1872 132 1953 qlie
159 1857 279 1925 cadere
286 1868 383 1937 ,··aut
401 1861 565 1933 sauciari,
595 1860 718 1925 ceteris
743 1871 857 1922 metus
874 1867 1001 1947 augeri.

331 1962 408 2029 ΟΛ
422 1964 463 2027 Ρ.
509 1960 740 2027 LXXXIX.

120 2067 178 2155 =‘At
202 2068 350 2148 Marius,
382 2064 499 2131 multis
525 2062 644 2130 diebus
669 2078 705 2128 et
731 2062 903 2132 laboribus
925 2091 1006 2137 corr-

61 2168 198 2250 sumtie',
231 2179 349 2237 anxius
369 2170 507 2234 trahere
531 2190 610 2233 cum
628 2173 756 2244 animo,
785 2176 1006 2242 omitteretne

59 2284 260 2369 inceptum,
289 2282 453 2366 quoniam
477 2271 604 2339 frustra
629 2289 719 2350 erat3
759 2295 802 2336 an
828 2273 1004 2345 fortunam

59 2388 299 2475 opperiretur,
341 2386 406 2469 qua
432 2400 533 2469 saepe
560 2400 721 2466 prospere
749 2399 834 2442 vsus.
906 2382 1004 2469 Quae

59 2510 145 2555 oum
160 2485 287 2553 multos
308 2484 392 2563 dies,
422 2498 539 2549 noctes
560 2494 714 2547 aestuans
732 2492 888 2571 agitaret,
914 2486 1004 2554 forte

58 2592 205 2685 quidam
236 2592 359 2681 Ligus,
400 2610 440 2653 ex
465 2583 663 2653 cohortibus
692 2586 875 2653 auxiliariis
903 2591 1001 2661 miles

57 2702 253 2790 gregarius,
286 2700 592 2783 castris-aquatum
617 2713 787 2781 egressus,
814 2691 906 2759 haud
928 2720 1002 2787 pro-

58 2798 122 2869 cul
140 2799 188 2867 ab·
208 2799 315 2868 latere
339 2796 481 2877 castelli,
506 2794 597 2886 quod
619 2818 781 2861 auorsum
802 2798 1000 2887 praelianti·

58 2906 125 2973 bus
147 2920 240 2983 erat,
273 2910 429 2968 animum
454 2899 607 2967 aduortit
634 2906 726 2963 inter
749 2922 825 2965 saxa
848 2913 999 2994 repentis

57 3006 236 3078 cochleas:
282 3028 427 3097 quarum
458 3026 538 3070 cum
572 3024 673 3067 vnam
706 3019 808 3093 atque
841 3004 996 3088 alteram,

58 3114 144 3182 dein
168 3111 285 3205 plures
312 3124 463 3200 pateret,
502 3098 616 3172 studio
650 3104 790 3197 legundi
820 3109 1000 3200 paullatim

59 3243 173 3315 prope
200 3218 242 3285 ad
269 3236 444 3283 summum
475 3218 602 3279 montis
632 3236 785 3302 egressus
814 3230 874 3279 est.
930 3215 1000 3283 Vbi

59 3342 247 3418 postquam
271 3318 493 3387 solitudinem
518 3315 706 3396 intellexit,
734 3340 831 3382 more
857 3319 1009 3387 humani·

60 3435 208 3521 ingenii,
237 3425 364 3518 cupido
378 3431 495 3513 ignara
510 3420 643 3487 visundi
658 3421 800 3485 inuadit.
848 3422 894 3486 Et
910 3425 1010 3491 l'orte2

60 3541 100 3603 in
134 3556 179 3601 eo
207 3530 283 3597 loco
316 3526 452 3621 grandis
486 3523 552 3591 ilex
583 3524 756 3592 coaluerat
789 3533 881 3591 inter
910 3552 1001 3610 saxa,

58 3634 258 3735 paullulum
282 3632 388 3709 modo
411 3653 532 3725 prona,
539 3629 642 3803 Kdein
668 3628 753 3697 flexa
778 3644 882 3724 atque
900 3650 1008 3700 aucta

594 3756 617 3806 2
