2258 3998
137 123 180 186 60
454 114 761 183 BELLVM

136 283 268 353 anima,
294 272 507 341 immortalia
528 289 619 338 sunt.
669 273 849 338 Postremo
868 276 1023 362 corporis
1053 290 1091 339 et

136 384 296 448 fortunae
314 381 503 459 bonorum,
533 396 570 444 vt
584 383 744 456 initium,
774 375 852 443 finis
872 392 937 442 est:
972 384 1091 443 omnia

137 504 212 553 orta
231 486 396 553 occidunt
415 502 451 551 et
465 499 566 550 aucta
580 499 780 562 senescunt3
814 490 950 548 animus
974 491 1090 550 incor-

136 609 279 682 ruptus,
309 607 487 669 aeternus,
520 606 638 655 rector
663 589 810 654 humani
829 596 989 678 generis,
1017 596 1090 679 agit

136 715 241 787 atque
262 696 366 762 habet
394 711 536 774 cuncta,
567 717 682 785 neque
703 701 777 785 ipse
801 695 956 760 habetur.
1008 696 1091 783 Quo

136 810 246 892 magis
261 808 413 891 prauitas
429 824 552 867 eorum
567 801 768 867 admiranda
786 818 849 880 est,
879 807 952 892 qui,
978 799 1091 866 dediti

137 914 292 999 corporis
311 906 457 996 gaudiis,
482 930 546 996 per
560 905 681 971 luxum
694 923 799 996 atque
813 913 989 996 ignauiam
1003 923 1090 972 aeta·

137 1031 211 1081 tem
229 1027 352 1103 agunt:
390 1028 547 1078 ceterum
568 1017 762 1100 ingenium,
790 1035 861 1101 quo
883 1034 996 1101 neque
1021 1034 1090 1077 me.

137 1120 221 1199 lius,
251 1140 365 1207 neque
386 1115 535 1206 amplius
559 1114 653 1182 aliud
680 1123 717 1180 in
739 1132 862 1181 natura
887 1115 1091 1182 mortalium

137 1241 205 1305 est,
243 1220 380 1289 incultu
408 1237 513 1310 atque
541 1221 699 1293 secordia
726 1238 921 1310 torpescere
944 1229 1085 1291 sinunt:

135 1354 218 1402 ‚cum
237 1333 444 1419 praesertim
467 1345 539 1393 tam
560 1325 692 1413 multae
708 1335 891 1417 variaeque
909 1326 978 1401 sint
997 1343 1090 1415 artes

135 1439 258 1515 animi,
286 1432 411 1523 quibus
434 1455 572 1501 summa
591 1431 761 1499 claritudo
780 1449 930 1521 paratur.

202 1540 340 1625 Verum
360 1562 400 1604 ex
416 1539 469 1603 his
486 1545 706 1628 magistratus
721 1553 758 1602 et
775 1545 933 1628 imperia,
955 1555 1087 1631 postre-

136 1667 197 1710 mo
212 1642 325 1710 omnis
341 1666 425 1709 cura
438 1667 561 1719 rerum¹
575 1641 805 1733 publicarum,
829 1651 986 1710 minume
1000 1647 1089 1711 mihi

135 1751 203 1833 hac
221 1764 429 1838 tempestate
447 1748 619 1840 capiunda
636 1746 814 1815 videntur:
845 1757 1010 1840 quoniam
1028 1775 1088 1818 ne·

136 1878 205 1945 que
228 1858 351 1919 virtuti
377 1853 486 1919 honos
512 1853 628 1933 d'atur;
656 1876 771 1942 neque
788 1852 853 1932 illi,
879 1857 1007 1945 quibus,
1024 1880 1090 1945 per

135 1957 296 2027 fraudem
312 1964 364 2022 ius
378 1957 458 2038 fuit,
479 1965 560 2038 tuti,
584 1962 645 2024 aut
658 1980 700 2022 eo
715 1965 823 2047 magis
838 1960 975 2026 honesti
992 1978 1089 2027 sunt·

134 2064 229 2131 Nam
254 2071 287 2129 vi
318 2063 459 2153 quidem
485 2087 605 2154 regere
631 2068 779 2152 patriam
787 2113 798 2144 ,
825 2082 887 2130 aut
913 2082 1086 2156 parentes,

135 2191 349 2258 quamquam
374 2183 410 2232 et
431 2178 552 2258 possis,
581 2185 616 2235 et
631 2167 757 2234 delicta
780 2177 942 2260 corrigas,
970 2187 1090 2237 tamon

136 2274 381 2363 importunum
403 2291 470 2341 est:
509 2299 590 2342 cum
607 2281 814 2365 praesertim
836 2298 955 2341 omnes
969 2299 1089 2343 rerum

134 2385 347 2449 mutationes
363 2379 522 2459 caedem,
550 2380 679 2468 fugam,
705 2379 839 2470 aliaque
854 2379 992 2445 hostilia
1005 2405 1088 2471 por-

135 2483 290 2551 tendant.
344 2485 484 2551 Frustra
508 2502 626 2550 eutem
644 2491 729 2567 niti,
759 2509 872 2576 neque
890 2483 984 2550 aliud
1008 2486 1088 2552 fati-

132 2588 260 2679 gando,
288 2595 355 2654 nisi
373 2590 510 2670 odium,
539 2612 721 2680 quaerere,
753 2608 926 2657 extremae
944 2590 1088 2657 demen-

134 2697 205 2767 ¹tiae
221 2709 281 2759 est.
318 2701 385 2758 nisi
405 2694 495 2760 forte
517 2719 622 2786 quem
638 2695 823 2762 inhonesta
841 2712 877 2762 et
895 2701 1088 2789 perniciosa

133 2792 257 2863 lubido
285 2814 393 2877 tenet,
423 2807 602 2890 potentiae
630 2806 826 2892 paucorum
852 2802 958 2869 decus
982 2818 1088 2893 etque

134 2901 334 2969 libertatem
356 2928 455 2971 suam
477 2905 674 2996 gratificari.

201 3007 369 3073 Ceterum
392 3034 433 3078 ex
448 3011 523 3078 aliis
538 3019 702 3102 negotiis,
730 3036 819 3102 quae
832 3019 975 3105 ingenio
992 3036 1087 3079 exer-

133 3129 271 3194 centur,
298 3119 336 3179 in
352 3122 475 3204 primis
491 3140 616 3207 magno
631 3124 706 3185 vsui
720 3135 774 3184 est
786 3125 955 3199 memoria
968 3141 1093 3184 rerum>

134 3236 323 3310 gestarum:
362 3228 459 3288 cuius
476 3221 518 3288 de
537 3229 686 3305 virtute,
718 3229 801 3314 quia
825 3223 930 3291 multi
955 3222 1084 3303 dixere,

133 3324 427 3414 praetereundum
445 3344 552 3418 put03
579 3328 703 3407 simul,
728 3352 774 3396 ne
787 3352 852 3420 per
866 3328 1088 3396 insolentiam

133 3437 210 3519 quis
223 3437 420 3511 existumet,
437 3451 579 3512 memet,
589 3434 752 3511 xstudium
767 3456 897 3512 meum,
916 3422 1088 3501 laudando

133 3531 309 3601 extollere.
330 3535 447 3626 Atque
461 3562 526 3628 ego
541 3539 646 3605 credo
657 3540 744 3617 fore,
759 3543 833 3630 qui,
851 3545 933 3630 quia
945 3539 1088 3605 decreui

132 3636 257 3728 procul
280 3663 300 3705 a
318 3641 497 3733 republica
515 3660 668 3715 aetatem
684 3667 806 3737 agere,
831 3661 930 3713 tanto
946 3659 1087 3737 tamque
