2258 3998
294 50 788 181 rvcvnruntvu.
958 108 1020 180 ηε,

63 288 188 335 omnes
212 288 268 335 res
292 268 433 356 exsequi
459 264 581 333 solitus
606 281 693 347 arat,
722 290 810 358 quaa
831 267 1022 357 'Iugurthae

60 371 178 452 fesso,
226 370 303 438 aut'
323 370 509 438 maioribus
543 370 712 440 adstricto
747 386 1020 462 superauerunt3
1105 396 1109 403 ·

61 498 106 542 ex
135 499 207 566 quo
241 474 295 543 illi
327 475 440 568 gloria
472 499 626 567 opesque
654 483 840 573 inuentae.
911 477 1023 568 Igitur

60 587 244 671 Vtriusque
275 579 420 648 consilio
446 580 518 648 dies
547 581 677 649 insidiis
704 587 886 650 statuitur:
928 597 1022 648 ceta·

59 710 113 768 ra,
140 691 191 753 vti
207 710 262 753 res
288 702 459 776 posceret,
484 707 525 753 ex
551 702 713 779 tempora
736 691 849 778 parari
872 685 1016 777 placuit.
1059 748 1064 767 ,

59 789 237 865 Nabdalsa
265 791 307 858 ad
341 795 531 859 exercitum
557 794 754 882 profectus,
794 815 900 883 quem
929 796 1022 861 inter

56 894 210 963 hiberna
235 897 474 964 Romanorum
503 901 617 963 iussus
643 897 810 978 habebat,
852 919 898 963 ne
924 919 1019 988 agan,

54 999 193 1067 inultis·
213 1000 389 1083 hostibus,
419 1018 620 1082 ructaretur.
670 1006 703 1069 Is
721 1019 925 1095 postquam,
952 1024 1022 1069 mu-

60 1105 248 1198 gnitudina
279 1105 440 1173 facinoris
472 1106 669 1199 perculsus,
707 1108 750 1174 ad
784 1125 922 1199 tempus
947 1129 1020 1175 uon

60 1208 170 1294 va'nit,
196 1227 378 1303 metusque
407 1234 483 1301 rem
510 1213 745 1305 impediebat:
780 1211 952 1279 Bomilcar
973 1218 1020 1280 si-

55 1315 140 1385 mul
165 1316 313 1409 cupidus
337 1324 477 1408 incepta
508 1319 687 1410 patrandi,
721 1334 758 1385 et
783 1323 912 1386 timore
934 1321 1021 1387 socii

55 1429 196 1504 ,unxina
217 1446 275 1503 ne,
296 1428 424 1489 omisso
441 1440 560 1491 tatere
582 1423 740 1504 consilio,
765 1446 901 1492 nouum
921 1446 1022 1515 quae·
1063 1507 1065 1512 ,

56 1542 169 1610 rarat,
193 1527 328 1621 litteras
354 1527 399 1593 ad
427 1552 510 1596 eum
534 1553 598 1619 per
624 1531 782 1597 homines
808 1524 919 1595 fidelis
943 1533 1021 1599 mit·

60 1639 120 1715 tit,
146 1636 327 1699 mollitiem
353 1620 609 1726 socordiamque
626 1638 701 1709 viri
715 1657 891 1715 accusare,
918 1652 1020 1701 tator

57 1742 96 1815 ‚ri
110 1738 208 1820 'deon
233 1763 402 1830 perquer
425 1742 626 1808 iurauisseti
646 1745 805 1832 praemia
821 1728 960 1827 Metelli
979 1743 1019 1805 in

55 1862 187 1934 pestem
202 1869 246 1911 ne
267 1865 491 1927 conuerteret,·
514 1846 708 1933 Iugurthae
720 1850 867 1912 exitium
889 1846 1016 1928 adessa,

56 1967 210 2017 ceterum
246 1974 366 2032 suane,
408 1972 458 2014 an
490 1956 619 2017 virmte
648 1954 787 2019 Metelli
809 1955 953 2043 periret,
981 1949 1023 2019 id

53 2054 163 2133 zmodo
182 2060 330 2144 aguaria
354 2055 502 2144 proinde
519 2075 692 2146 reputaret
707 2080 787 2123 cum
802 2061 922 2123 animo
938 2079 1013 2139 ruo,
1035 2096 1038 2101 ·

55 2164 229 2250 praemr'a,
248 2182 306 2239 ,an
329 2165 521 2227 cruciatum
543 2164 671 2229 mallet.
708 2250 711 2255 Ι
794 2250 797 2255 .

221 2376 228 2384 -
330 2336 494 2407 ΜΡ.
519 2302 715 2433 'lxm
1001 2424 1005 2431 ¹

22 2464 28 2475 ¹
127 2474 196 2544 sed
221 2477 386 2551 cumhaa
413 2476 560 2562 litterae,
576 2428 723 2559 adlatas,
747 2474 1017 2547 forteNabdal-

58 2603 113 2663 sa,
154 2568 306 2648 exercito
334 2606 479 2672 corpore
503 2585 638 2664 fessus,
678 2589 715 2651 in
742 2582 836 2677 lacto
866 2590 1016 2675 quiesco·

58 2687 129 2753 bat.
151 2686 220 2768 vbi,
251 2691 397 2783 cognitis
415 2688 615 2756 Bomilcaris
632 2689 756 2770 verbis,
785 2693 899 2781 primo
917 2712 1013 2772 cura,

58 2791 198 2872 deindo,
226 2797 276 2859 vti
302 2814 445 2884 aegrum
472 2794 630 2879 animum
650 2786 758 2877 solet,
786 2816 928 2861 somnus
956 2817 1014 2862 ca·

49 2902 124 2988 pit.
186 2896 271 2966 Erat
296 2903 329 2966 oi
355 2898 508 2966 Numida
538 2900 681 2991 quidam
710 2902 935 2991 negotiorum
958 2919 1014 2965 cu·

56 3017 170 3082 rator,
203 3001 292 3069 fidus
317 3023 567 3096 acceptusque,
598 3023 634 3073 et
662 3013 822 3072 omnium
850 3002 1014 3072 consilio·

56 3130 150 3187 rum,
180 3114 247 3174 nisi
270 3114 473 3190 nouissumI,
500 3118 683 3200 particeps.
734 3110 804 3199 Qui
828 3105 1014 3200 postquam

56 3210 187 3280 adlatas
216 3212 348 3281 litteras
378 3215 529 3295 audiuit,
566 3240 608 3281 ex
635 3215 888 3285 consuetudine
917 3230 1012 3280 ratus

24 3362 29 3371 -
56 3340 165 3408 opera
184 3334 245 3385 aut
269 3324 407 3408 ingenio
432 3343 496 3387 suo
519 3343 605 3410 opus
633 3343 718 3400 essa,
746 3327 784 3384 in
807 3318 1012 3384 tabernacu-

56 3419 135 3489 lum
158 3426 335 3504 introiuit;
365 3425 562 3493 dormiente
590 3424 652 3491 illo
681 3420 876 3513 epistolam,
907 3444 1014 3512 super

55 3542 165 3615 caput
204 3533 240 3595 in
275 3528 422 3619 puluino
455 3546 590 3596 temere
623 3533 791 3623 positam,
834 3529 941 3592 sumit
969 3549 1012 3595 ao

29 3629 223 3723 ‚perlegits
248 3631 329 3703 dein
354 3637 514 3729 propera,
535 3640 689 3728 ,coguitis
714 3629 865 3714 insidiis,
890 3629 933 3698 ad
955 3644 1011 3700 rei
