2250 3998
111 108 220 182 252³
266 136 277 163 f·
364 99 811 181 tntnnpnnutrto
863 109 866 114 ’

110 270 158 329 in·
171 268 302 352 redipisci
331 269 486 353 pictatem
509 265 687 328 colendam
720 286 739 326 e
766 266 915 343 Suetonio
945 265 1067 327 dicauit

104 366 232 448 -aaepiun
255 366 436 445 repetiisse:
470 380 582 425 temen·
602 365 638 424 id
666 384 732 424 non
754 377 860 443 aperte
887 363 980 431 dicit,
1011 365 1069 424 sed

110 460 380 545 magnrelinquit
392 453 609 544 cogitandum
634 476 666 521 ot
680 478 721 517 ne
741 472 844 518 umen
865 458 926 519 hoc
945 459 1068 520 silentio

110 560 224 619 veritas
237 556 330 641 plane
342 560 585 639 opprimeretur
600 570 703 617 totum
722 550 897 626 subinnuit,
922 557 1000 615 dum
1024 557 1070 616 di·

113 656 174 725 cit„
188 655 238 715 de·
249 654 382 715 Caesare
399 655 539 735 gloriam
560 653 689 734 adeptus
710 654 768 729 (sc.
788 674 884 735 quarn
905 655 1070 733 quaesiue-

45 788 48 793 ·
112 754 176 830 ret)
194 751 377 813 detssaton'o
398 770 485 820 vero,
509 752 552 810 ita
575 770 642 831 quo
666 741 923 827 minuc-glorium
940 750 1074 830 petebat

115 847 176 925 (vti
196 862 306 909 contra
326 846 454 926 Caesar)
476 862 518 907 'eo
535 848 632 931 magis
655 844 850 927 sequebatur.
907 843 986 904 Inde
1011 847 1071 928 igi·

113 957 166 1003 tnr
193 945 288 1003 etiem
314 943 434 1005 discant
455 943 551 1003 nostri
573 943 710 1002 iuniores
735 943 898 1022 scriptores
921 955 975 1021 aut
997 960 1071 1020 pro·

113 1052 329 1100 rectractare
352 1040 457 1099 nimis·
475 1037 695 1119 vehementes,
723 1038 802 1120 quid
822 1040 861 1096 sit
887 1034 939 1095 vel
962 1037 996 1093 in
1018 1034 1073 1094 tali

16 1210 19 1221 y
114 1149 300 1217 argumento
322 1152 458 1219 parcere
480 1136 641 1217 personia,
674 1149 709 1195 vt
729 1133 782 1193 ille
807 1134 864 1202 uit,
898 1130 1004 1191 dicere
1029 1129 1072 1189 da

87 1402 92 1412 ,
193 1348 225 1408 p.
242 1327 300 1389 50.·
320 1348 347 1395 c
363 1318 490 1396 Lilia,
516 1346 581 1409 quo
602 1328 706 1387 minus
728 1359 744 1373 ·
765 1359 780 1372 -
803 1346 843 1387 eo
862 1326 959 1408 magis
981 1343 1070 1403 sequ.

114 1422 306 1483 adsensum
329 1414 540 1506 comparanda
557 1425 708 1504 Scipionis
729 1438 788 1484 vox
805 1443 838 1504 p.
856 1421 897 1481 65
917 1456 933 1468 ·
953 1455 969 1467 ·
987 1420 1074 1479 ultro

115 1520 168 1579 illi
187 1522 327 1599 glanum
350 1534 383 1578 et
398 1530 538 1600 -reg'num
552 1535 736 1579 venturum.

137 1660 140 1665 ,
196 1638 226 1696 p.
248 1615 298 1677 52.
326 1618 453 1676 seruitia
481 1617 674 1697 repudiabat.
718 1615 757 1677 Id
776 1635 840 1676 non
858 1627 978 1695 pugnat
999 1632 1076 1671 cum

117 1711 338 1790 superioribus.
356 1715 412 1774 'vbi
425 1716 545 1775 dixerat
561 1713 613 1792 (p.
631 1715 687 1791 21)
710 1732 784 1771 eum
800 1712 934 1771 sarrinia
946 1708 1078 1766 orbana

117 1804 284 1891 sollicitare
304 1809 448 1879 voluisse,
472 1824 502 1869 et
519 1796 570 1889 (p.
584 1808 644 1888 56)
670 1810 812 1877 emisisse,
839 1808 896 1889 qni
912 1807 945 1863 in
958 1803 1077 1884 Apulia

117 1888 252 1963 seruitia
275 1906 475 1966 concitarent.
525 1904 609 1964 Nam
627 1902 670 1963 ‘ex
689 1905 810 1964 ratione
832 1923 850 1961 a
871 1900 1013 1961 Sallustio
1037 1898 1079 1958 al·

117 1997 180 2059 lata
197 2008 334 2080 apparet,
362 2021 436 2061 eum
455 2014 562 2082 postea
584 2015 723 2061 mentem
744 2002 780 2060 in
799 2020 839 2061 co
861 2012 1004 2067 mutasse,
1035 1996 1078 2055 nd

119 2095 230 2156 odium
252 2097 370 2157 ciuium
391 2099 448 2157 sibi
468 2112 604 2181 augeret.
887 2110 889 2114 ’

199 2212 230 2274 p.
246 2190 295 2254 53.
322 2193 407 2257 ferro
419 2187 481 2255 iter
492 2193 718 2276 aperiundum:
746 2193 877 2251 Tacitus
893 2190 934 2249 H.
952 2189 1007 2248 IV.
1025 2209 1075 2248 ao.

26 2310 28 2317 ·
118 2283 205 2347 ferro
226 2288 310 2346 viam
334 2291 535 2360 inuenturos;
567 2291 714 2352 Velleius
742 2287 784 2349 ΙΙ.
817 2307 882 2348 120.
909 2285 995 2347 ferro
1019 2286 1080 2345 sibi

120 2381 162 2443 ad
183 2403 254 2442 suos
277 2405 428 2466 peperere
452 2386 600 2447 reditum.
645 2420 648 2425 ·

132 2514 135 2521 ·
162 2487 171 2518 ⁸
200 2511 240 2525 ·-·
279 2514 317 2528 ·-·
347 2500 401 2563 qu.
426 2500 516 2545 arma
545 2500 610 2541 uon
633 2482 783 2540 texerint:
821 2500 853 2559 p.
883 2476 947 2538 152.
973 2498 1082 2559 nequo

38 2584 41 2595 “
120 2575 219 2636 virtus
240 2595 343 2657 neque
363 2596 450 2637 arma
465 2580 535 2638 satia
557 2578 671 2659 tegere.
715 2576 831 2655 Quoad
846 2595 970 2635 sensum
992 2575 1082 2635 idem

122 2671 211 2755 quod
231 2668 263 2750 Ρ
287 2671 352 2733 108.
378 2674 414 2732 in
433 2675 534 2732 armis
553 2673 662 2731 omma
683 2676 756 2733 sita.
852 2716 856 2723 .

202 2788 233 2846 p.
253 2765 302 2846 54.
328 2770 361 2828 Si
382 2769 561 2851 relinquere
586 2769 693 2840 voltis;
720 2790 761 2828 sc.
791 2767 844 2827 illa
861 2765 954 2827 foeda
977 2779 1081 2846 atqua

122 2861 329 2925 intoleranda.
394 2865 594 2926 Contrarium
617 2881 688 2926 ante
709 2887 740 2945 p.
762 2862 811 2942 45.
838 2865 873 2922 in
893 2884 940 2923 or.
968 2861 1036 2922 Cat.
1055 2863 1082 2922 ci

204 2962 340 3020 retinere
353 2960 453 3022 voltis.
491 3016 495 3025 .

176 3124 179 3129 ,
205 3088 241 3103 ·-
280 3088 321 3105 -··
345 3058 417 3118 aud
433 3078 509 3140 ¹pro·
522 3077 613 3119 muro
637 3056 792 3116 hubenare
816 3057 908 3117 Idem
928 3053 993 3115 aliis
1011 3075 1083 3114 ver·

124 3151 172 3214 bis
196 3152 291 3213 effert
314 3174 345 3232 p.
360 3152 409 3213 88.
435 3157 716 3234 promum'menco
740 3152 813 3211 hab.

205 3283 240 3296 ·-
278 3279 315 3294 ·-
338 3269 366 3308 c.
386 3248 453 3308 LV.
479 3266 651 3332 exaequato
675 3248 827 3329 periculo.
879 3247 929 3306 De
951 3248 1086 3307 Caesare

124 3345 212 3404 idem
229 3346 399 3406 memoriae
418 3348 600 3428 proditum:
626 3346 768 3407 omnium
790 3362 828 3402 ex
848 3359 1017 3426 conspectu
1036 3362 1087 3399 re-

126 3444 221 3501 motis
245 3443 342 3523 equis,
370 3457 511 3524 aequato
533 3445 680 3502 omnium
698 3439 851 3523 paneade,
877 3460 964 3520 spem
989 3437 1087 3521 fugae

123 3535 268 3597 tolleret:
295 3539 333 3599 B.
347 3539 393 3599 G.
413 3541 439 3600 Ι.
459 3539 508 3600 25.
1091 3612 1100 3625 κ

181 3652 221 3710 P·
241 3631 293 3695 55·
322 3657 350 3699 c.
371 3639 460 3702 LVI.
490 3638 558 3726 pila
577 3640 742 3711 omittunt,
762 3632 872 3719 gladiis
888 3651 940 3691 rec
963 3632 1094 3711 gentos.
