2258 3998
295 118 788 190 1ucuuumuvu.
873 124 875 128 ⁴
952 128 1020 209 ..a

65 260 204 357 cebant,
246 277 407 367 respondi
414 302 426 341 .·
464 300 582 367 pauca
613 277 655 344 de
684 279 1019 370 republicb·'·ioquar.

64 383 229 450 Primum
252 386 410 446 omnium
440 382 483 447 de
508 384 686 451 Numidia
714 385 842 449 bonum
871 385 1026 449 habetote

45 491 240 566 animum,
262 488 433 577 Quirites.
488 489 589 557 Nam
615 512 706 579 quae
729 490 780 554 ad
802 490 867 554 boc
894 483 1026 577 tempus

65 590 278 679 Iugurtham
305 609 381 658 tuta
407 611 499 675 sunt,
530 600 649 658 omnia
674 598 882 674 rernouistis,
897 596 1025 658 maii·

66 701 173 778 dam,
211 700 438 786 imperitiam,
477 700 680 795 superbiam.
740 702 836 767 Dein
859 702 1028 764 exercitum

60 804 119 867 ibi
144 821 214 884 est,
263 805 414 867 locorum
438 808 570 883 scierim
606 806 667 873 sed
697 805 889 870 mehercule
914 806 1028 890 magis

65 927 241 988 strenuus,
272 931 380 999 quam
394 908 501 999 felix
525 909 652 978 Nam
678 933 808 997 magna
826 930 913 999 pars
939 930 1026 973 aua-

66 1017 164 1094 ritia,
190 1032 256 1079 aut
276 1019 462 1080 temeritate
485 1016 612 1080 ducum
635 1017 765 1081 adtrita
787 1033 844 1081 est.
896 1015 1026 1103 Quam-

66 1119 184 1184 obrem
213 1142 294 1198 vos,
330 1122 455 1212 quibus
484 1125 648 1187 militaris
673 1141 785 1202 aetas,
822 1120 1029 1185 adnitimini

66 1230 203 1289 mecum
229 1242 264 1289 et
288 1230 448 1315 capessite
474 1230 740 1318 rempublicam
773 1246 884 1315 neque
908 1216 1027 1314 quem·

67 1330 178 1421 buum
203 1353 249 1394 ecc
270 1333 468 1397 calamitate
494 1336 660 1415 aliorum,
693 1351 759 1397 aut
784 1337 1028 1421 imperatorum

11 1432 14 1439 ’
67 1437 228 1525 superbio
252 1455 361 1501 metus
385 1442 515 1526 ceperit.
564 1441 714 1526 Egomet
739 1443 777 1501 in
805 1439 957 1522 agmine,
989 1440 1027 1499 in

62 1541 199 1633 praelio
225 1543 400 1606 consultor
420 1543 521 1623 idem,
553 1562 587 1608 et
607 1540 718 1608 socius
741 1543 892 1634 periculi
914 1541 1028 1605 vobis·

66 1668 150 1711 cum
179 1646 283 1711 adero
292 1672 306 1723 ,·
349 1670 470 1737 meque
503 1636 634 1739 vosque
665 1652 703 1712 in
739 1648 903 1713 omnibus'
931 1646 1029 1733 rebus
1111 1654 1114 1661 “

59 1754 173 1817 'iuxta
182 1776 312 1839 gerum.
362 1755 413 1818 Et
424 1751 587 1847 profecto,
607 1753 661 1818 dis
675 1754 887 1830 iuuantibus,
907 1754 1028 1839 omnia

69 1848 210 1921 matura
235 1875 379 1922 sunt-
398 1862 557 1950 victoria,
581 1856 726 1948 praeda,
760 1859 854 1935 laus;
882 1859 1030 1946 quaesi

68 1956 178 2029 dubio
197 1980 261 2027 aut
274 1964 399 2054 procul
421 1983 539 2044 essent,
567 1972 682 2029 tamen
707 1962 820 2026 omnis
843 1960 955 2025 borioi'
969 1964 1032 2026 rei·
1092 2012 1095 2017 ,

64 2060 229 2161 ¹publicae
265 2071 446 2133 subuenire
484 2069 629 2133 decebat.
678 2069 842 2132 'Etenim
880 2069 1028 2154 ignauia

33 2170 55 2200 '¹
69 2192 172 2240 uentu
191 2176 396 2239 immortalis
407 2172 549 2263 factus:
578 2194 688 2263 neque
700 2176 888 2263 quitquam
900 2180 1029 2261 parent

70 2280 198 2360 liberis,
227 2284 283 2343 vti
307 2283 439 2344 aeterni
458 2277 598 2367 forent,
628 2281 788 2448 optauit&
819 2270 950 2363 magis,
973 2282 1030 2343 vti

58 2388 156 2451 'bont'
168 2386 368 2476 honestique
381 2387 493 2448 uitam
507 2385 690 2468 exigerent.
739 2383 852 2448 Plura
868 2372 1025 2467 dicerem,

72 2488 318 2581 Quirites,
285 2489 481 2555 si'ttmidtu
511 2491 674 2552 virtutem
707 2489 812 2553 verba
827 2486 1027 2568 adderem,-

17 2670 26 2678 ,
69 2616 159 2661 nam
182 2599 330 2660 strenuis
351 2595 488 2660 abunde
512 2595 643 2659 dictum
662 2612 756 2684 puto.

355 2773 432 2839 uA
444 2772 487 2838 P
539 2770 758 2838 LXXXII.

60 2916 64 2923 '
138 2910 394 2997 Huiuscemodi
421 2917 579 2979 oratione
607 2909 739 2990 habita,
775 2909 909 2978 Marius
934 2926 1029 3003 post·
1083 2962 1086 2967 Α

70 3038 180 3109 quam
212 3015 323 3106 plebis
360 3022 495 3082 animos
528 3033 680 3083 arrectos
718 3015 837 3097 videt,
876 3038 1029 3118 propero

70 3136 286 3202 commeatu,
314 3121 500 3212 stipendio,
523 3129 640 3202 armis,
669 3121 743 3188 aliis
763 3121 903 3190 utilibus
930 3126 1028 3188 nauis
1073 3122 1081 3147 '

60 3220 205 3295 onerat.
247 3250 328 3292 cum
347 3224 400 3292 his
419 3227 460 3293 A.
485 3225 659 3294 Manlium
680 3226 835 3320 legatum
853 3226 1029 3319 proficisci

69 3332 182 3401 iubet.
239 3333 316 3423 Ipse
341 3338 476 3399 interea
503 3331 631 3400 milites
660 3335 809 3401 scribere
833 3342 906 3398 no'n
929 3352 1030 3398 more

69 3444 262 3517 maiorum,
294 3460 409 3528 neque
434 3461 475 3504 ex
500 3436 675 3519 classibus,
703 3438 762 3505 sed
787 3445 836 3506 vti
860 3445 1035 3529 cuiusque'

69 3540 195 3611 lubido
215 3560 300 3622 erat,
328 3550 442 3634 capite
463 3566 582 3611 censos
597 3544 801 3636 plerosque.
840 3542 880 3610 Id
895 3542 1029 3612 factum

60 3640 133 3717 ‘alii
160 3644 490 3740 inopia-bonorum,
523 3647 582 3717 alii
609 3672 673 3741 per
694 3650 1029 3720 ambitionem-·÷eon-
