2258 3998
82 50 183 194 170²
295 184 315 205 Α,
399 99 703 173 BELLVM
788 198 791 203 Ι

78 258 161 341 lare,
194 259 342 346 benigne
370 241 509 340 haband,
541 257 636 325 idem
661 256 829 329 ambobus
853 254 1025 347 polliceri.

78 363 135 431 Illi
164 369 295 455 pariter
324 362 424 449 laeti,
470 388 511 435 ao
539 371 615 455 spei
647 364 757 437 bonae
788 363 894 459 plani.
961 361 1032 429 Sed

78 487 264 549 metesa,
307 493 395 560 quae
411 492 591 569 proxuma
620 469 689 539 fuit
715 485 806 547 ante
829 465 924 539 diem
959 466 1044 535 col·-

79 550 199 665 loquio
223 557 422 656 decretum,
456 574 599 646 Maurus
627 575 790 671 adhibitis
821 580 960 653 amicis,
991 597 1033 641 ao

79 687 208 760 statim,
233 688 417 753 immutata
430 679 624 762 voluntate,
647 666 803 760 remotis,
833 679 965 770 dicitur
979 703 1032 745 so·

2 789 4 795 ’
80 808 162 852 cum
186 793 261 881 ipse
287 787 399 858 multa
428 793 627 883 agitauisse,
660 784 758 861 voltu
788 791 942 885 corporis
970 808 1031 877 pa-

80 897 177 973 riter,
204 909 308 981 atque
329 898 591 967 auimovariusz
621 915 710 984 quaa
727 890 872 970 scilicet,
895 906 1033 965 tacente

80 1000 167 1086 ipso,
196 996 336 1066 occulta·
357 1006 508 1096 pectoris
531 999 741 1090 patefecisse.
792 998 929 1067 Tamen
954 1019 1031 1086 pos·
1071 1017 1072 1020 ’

80 1118 195 1171 tremo
223 1102 353 1175 Sullam
382 1111 539 1175 arcessiri
564 1103 680 1184 iubet,
720 1119 757 1173 at
787 1125 829 1169 ex
853 1109 928 1169 eius
954 1124 1036 1168 sen·

1 1205 6 1245 '-
81 1211 189 1277 tentia
215 1207 390 1280 Numidae
417 1209 556 1279 insidias
589 1209 713 1281 tendit.
784 1205 939 1285 Deinde,
976 1207 1034 1273 vbi

80 1311 156 1377 dies
181 1313 342 1392 aduenit,
375 1331 412 1381 et
436 1322 470 1383 ei
495 1321 703 1386 nunciatum
727 1329 798 1392 est,
829 1313 1034 1402 Iugurtham

81 1418 172 1487 haud
187 1417 310 1515 procul
327 1421 459 1503 abesse:
488 1444 570 1491 cum
583 1426 703 1509 paucis
722 1425 842 1490 amicis
856 1433 900 1483 et
910 1419 1035 1504 Quaes-

82 1539 157 1594 tore
184 1541 320 1605 nostro,
350 1533 447 1616 quasi
470 1527 593 1593 obuius
621 1527 763 1597 honoris
791 1545 927 1600 caussa,
957 1545 1035 1613 pro-

83 1628 175 1697 cedit
200 1637 238 1695 in
268 1630 458 1709 tumulum,
491 1630 708 1701 facillumum
736 1633 813 1696 visu
839 1627 1035 1693 insidianti·

83 1730 153 1798 bus.
204 1730 337 1800 Eodem
355 1736 510 1805 Numida
535 1724 615 1802 cum
640 1733 813 1826 plerisque
835 1740 1035 1825 necessariis

82 1842 162 1917 suis,
193 1843 366 1919 inermus,
396 1857 432 1906 vt
457 1841 608 1919 dictum,
643 1840 795 1919 accediu
836 1862 878 1906 ao
903 1843 1033 1917 statim,

82 1946 180 2031 signo
202 1943 296 2022 dato,
325 1944 476 2039 vndique
494 1945 599 2013 simul
624 1970 665 2011 ex
689 1945 821 2017 insidiis
840 1943 1030 2010 inuaditur.

83 2049 199 2114 Ceteri
228 2049 441 2147 obtruncati·
478 2053 646 2140 Iugurtha
667 2035 783 2117 Sullae
806 2056 943 2116 vinctus
965 2066 1036 2119 tra

83 2151 199 2234 ditur,
220 2172 256 2220 et
281 2155 324 2226 ab
353 2179 395 2226 eo
407 2157 462 2231 ad
488 2158 643 2227 Marium
670 2157 847 2229 deductus.

394 2336 397 2343 ¹
423 2265 498 2329 CA
512 2267 553 2335 P.
604 2265 683 2334 CX.

148 2365 331 2435 Paridem
364 2383 503 2456 tempus
535 2368 722 2435 aduersum
751 2365 872 2435 Gallos
902 2365 946 2437 ab
971 2365 1035 2433 du-

84 2469 179 2544 cibus
199 2479 341 2557 ,nostris‚
370 2475 411 2561 Q.
443 2473 619 2562 Caepione
647 2490 685 2541 et
707 2474 756 2543 Μ.
784 2471 927 2540 Manlio
944 2471 1037 2539 mala

83 2593 287 2668 pugnatum.
328 2601 398 2666 quo
421 2594 520 2646 metu
549 2577 649 2648 Italia
674 2584 786 2648 omnis
819 2593 1036 2649 contremue-

84 2696 147 2749 rat.
214 2677 339 2771 Illique
374 2701 410 2748 et
439 2683 520 2749 inde
553 2683 596 2753 ad
636 2700 792 2754 nostram
828 2689 1037 2757 memoriam

85 2786 234 2857 Romani
261 2792 309 2865 sic
341 2789 512 2859 habuere:
557 2788 624 2859 alia
650 2795 767 2858 omnia
797 2791 919 2858 virtuti
953 2810 1038 2853 suae

86 2912 196 2981 prona
223 2913 315 2972 esse3
359 2917 442 2966 cum
473 2892 581 2963 Gallis
613 2879 689 2990 pro'
707 2892 835 2972 salute,
869 2916 941 2960 non
971 2902 1038 2983 pro

8 3012 10 3017 ’
85 2993 194 3085 gloria
219 3011 362 3067 certare.
429 2999 498 3069 Sed
527 3016 713 3096 postquam
740 2997 873 3071 bellum
899 3001 936 3066 in
961 2998 1039 3064 Nu·

86 3099 193 3169 midia
212 3101 429 3184 confectum,
444 3122 495 3187 ⁴et
511 3105 714 3194 Iugurtham
734 3111 891 3175 vinctum
911 3103 1064 3171 adduci·

87 3205 234 3277 Romam
261 3216 467 3281 nunciatum
492 3225 557 3283 est:
594 3211 727 3283 Murius
755 3207 887 3279 Consul
916 3209 1040 3284 absens

86 3309 213 3391 factus,
257 3330 293 3383 et
321 3319 354 3381 ei
384 3316 523 3389 decreta
555 3320 738 3406 prouincia
769 3312 892 3386 Gallia,
939 3321 1040 3404 isque

88 3415 260 3487 Kalendis
276 3422 439 3501 Ianuariis
467 3444 591 3510 magua
618 3421 729 3512 gloria
755 3419 889 3489 Consul
913 3426 1040 3486 trium·

87 3521 218 3610 phauit.
268 3525 317 3597 Ea
338 3543 545 3618 tempestate
563 3549 640 3616 spes
658 3542 765 3618 atque
784 3549 867 3618 opes
885 3532 1041 3607 ciuitatis

88 3631 126 3694 in
149 3624 211 3693 illo
238 3633 333 3699 sitae.

1007 3789 1027 3827 λ
