2258 3998
305 113 756 229 caeninam
966 118 1010 206 45

62 290 99 337 et
122 275 246 359 angeri
271 276 458 339 exercitum
500 269 705 337 Catilinae?
745 277 920 353 minume3
953 268 1014 341 seit

62 382 114 442 ita
142 401 282 443 censeo:
314 366 543 467 publicandas
575 400 692 440 eornm
708 384 890 465 pecunias,
924 386 1011 469 ipsos

61 487 102 548 in
129 484 282 547 uinculis
308 484 480 547 ltabendos
502 506 566 571 per
591 487 794 570 municipia,
821 509 911 574 quae
937 509 1011 551 ma.

61 611 171 654 xume
195 590 314 676 opibus
339 591 484 653 ualent:
509 611 576 651 neu
600 592 678 676 quis
704 589 746 652 de
770 593 800 652 is
819 609 937 678 postea
964 592 1015 657 ad

62 695 230 759 Senatum
254 693 395 787 referat,
439 716 525 756 nene
550 698 633 755 carn
648 695 776 781 populo
801 714 908 781 agat.-
949 700 1014 786 qni

62 800 167 862 aliter
179 798 314 886 jecerit,
350 799 514 861 Senatum
536 801 744 863 existumare
750 846 761 878 ,
789 824 867 864 eum
893 819 1012 868 contra

62 904 310 993 rempublicam
337 919 372 966 et
394 904 540 966 salntem
567 907 722 966 onmium
737 903 928 993 facturum,

297 1078 426 1143 CAP.
467 1078 770 1145 XXXXVIII.

129 1218 318 1306 Postquam
342 1216 469 1291 Caesar
493 1216 632 1283 dicendi
652 1216 760 1284 finem
781 1219 878 1300 fecit,
904 1227 1014 1289 ceteri

60 1323 170 1390 verbo
196 1319 282 1387 alins
300 1319 360 1387 ulii
376 1329 467 1387 varie
489 1322 787 1390 adsentiebantur:
814 1340 850 1391 at
863 1326 913 1391 M.
934 1328 1013 1393 Pon·

62 1436 139 1495 cius
157 1427 246 1493 Coto
264 1442 403 1514 rogatus
425 1434 649 1506 sententiam,
679 1428 920 1496 huiuscemodi
936 1454 1014 1500 oro-

62 1540 201 1600 tionom
225 1531 356 1597 habuit.

130 1639 249 1724 Longe
273 1638 363 1701 mita·
383 1638 456 1700 alia
476 1660 570 1701 mens
589 1655 647 1714 ost,
677 1639 800 1704 Patres
819 1645 1010 1732 conscripti,

63 1766 144 1809 cum
163 1766 214 1807 res
233 1761 337 1832 atque
353 1744 508 1830 pericula
531 1761 647 1805 nostra
669 1745 853 1825 considero,
882 1766 1014 1812 etcum

39 1845 41 1849 ⁸
63 1853 249 1917 sententias
275 1850 522 1911 nonnullorum
539 1872 670 1913 mecum
695 1854 764 1938 ipse
789 1870 913 1939 reputo.
947 1854 973 1917 Ι
985 1855 1015 1917 ti

64 1956 156 2020 milri
180 1955 372 2017 disseruisse
388 1953 552 2017 uidentur
576 1954 619 2018 de
640 1978 753 2042 poena
782 1980 916 2036 eoram,
949 1961 1015 2047 qui

60 2064 208 2152 patriae,
231 2061 440 2147 parentibus,
465 2062 536 2122 aris
557 2077 661 2147 atque
674 2059 769 2147 focis
790 2065 862 2125 suis
886 2064 1013 2128 bellum

60 2162 249 2257 parauere:
268 2187 319 2227 res
330 2182 444 2227 autem
458 2182 581 2241 monet,
604 2188 724 2228 cauere
736 2167 780 2228 ab
794 2169 876 2245 illis,
889 2191 1009 2257 quam,

64 2271 154 2369 qnid
173 2274 212 2333 in
236 2270 308 2334 illis
327 2270 529 2347 staatamus,
554 2271 754 2332 consultare.
786 2272 884 2337 Nam
902 2291 1012 2337 cetera

64 2395 140 2443 tam
160 2398 376 2465 persequare,
406 2373 582 2464 abisaac
604 2394 704 2438 sant:
728 2377 809 2454 hoc,
840 2380 910 2439 nisi
931 2401 1012 2465 pro·

64 2482 205 2559 uideris,
232 2505 276 2545 nc
298 2481 434 2543 accidat
445 2507 458 2556 ;
486 2481 547 2543 aa·
575 2485 699 2559 euenit,
717 2481 854 2569 frustra
882 2484 1012 2548 iudicia

65 2588 232 2676 implores.
272 2603 372 2675 capta
401 2587 483 2649 urbe
494 2633 505 2664 ,
547 2586 642 2648 m'tu't
664 2586 717 2672 stt
741 2589 868 2676 reliqui
896 2592 1005 2653 uictis.

63 2692 143 2772 Sed,
169 2714 233 2781 per
254 2691 331 2754 deos
354 2692 568 2769 immortalis,
597 2700 659 2754 uos
684 2715 744 2776 ego
770 2694 921 2780 adpello,
948 2697 1013 2784 qui

63 2819 195 2887 semper
212 2797 338 2874 domos,
362 2799 479 2875 uillas,
502 2800 618 2882 signa,
640 2798 774 2860 tubulas
794 2816 923 2862 uestras
936 2802 1011 2888 plu·

65 2907 123 2999 ris,
153 2924 259 2992 quam
284 2903 536 2989 rempublicam,
556 2902 708 2990 finistis:
732 2906 765 2965 si
788 2907 869 2983 ista,
897 2911 1010 2970 cuius·

64 3031 211 3098 cumque
237 3008 330 3071 modi
353 3011 434 3086 sint,
460 3031 550 3097 qaae
567 3010 828 3095 amplexamini,
855 3015 1007 3090 retinere,

63 3117 97 3179 si
112 3115 346 3201 voluptatibus
363 3117 483 3177 uestris
504 3116 613 3177 otium
628 3114 786 3200 praebere
801 3117 905 3177 volas
911 3142 926 3191 ;
951 3138 1011 3179 ecc-

55 3212 297 3309 'pergactmini
320 3219 510 3307 aliquando
531 3236 565 3282 et
578 3222 736 3307 capessite
754 3223 1004 3307 rempublicam.

63 3324 151 3393 Non
180 3327 298 3409 agitur
326 3324 367 3386 de
396 3324 645 3409 uectigalibus,¹
679 3347 749 3386 non
779 3324 820 3387 de
842 3328 1010 3387 sociorum

63 3432 205 3494 iniuriis
212 3453 226 3504 ,·
259 3430 395 3493 libertas
419 3447 453 3493 et
472 3433 593 3492 anima
617 3446 733 3493 nostra
756 3433 794 3490 in
819 3429 921 3491 dubio
947 3449 1004 3493 est.

62 3536 171 3624 Saepe
187 3556 341 3612 numero,
368 3534 489 3598 Patres
505 3538 697 3621 conscripti,
722 3535 832 3596 multa
849 3535 952 3598 uerba
971 3539 1010 3598 ia

64 3638 131 3706 ltoo
147 3640 268 3709 ordine
276 3638 369 3728 fetu
394 3661 492 3729 saepe
511 3640 553 3707 de
577 3641 720 3704 luxuria
736 3655 841 3731 atquc
857 3644 1016 3705 astantia
