2258 3998
135 111 182 198 m
456 106 762 179 uaauvn

136 266 244 335 tando
258 274 442 348 virtutem,
469 263 524 335 vel
543 264 698 336 hostium
711 272 857 336 saeuitia
873 264 975 335 facile
992 289 1091 333 occa·

136 396 270 455 surum,
298 372 466 467 praefecit
489 370 671 454 Numidis,
700 396 787 465 quos
814 379 852 440 in
882 370 1092 463 Hispaniam

136 479 309 567 mittebat.
358 479 428 546 Sed
444 502 484 544 ea
496 501 551 544 res
569 475 674 570 longe
691 479 808 560 aliter,
835 502 876 545 ac
891 494 986 545 ratus
1001 494 1088 558 erat,

136 590 267 651 euenit.
321 585 414 654 Nam
434 584 618 674 Iugurtha,
647 602 684 655 vt
708 601 782 652 erat
808 590 960 675 impigro
983 601 1090 673 atque

135 695 209 756 acri
230 695 385 782 ingenio,
411 689 469 757 vbi
485 705 644 758 naturam
662 693 699 757 P.
719 692 903 783 Scipionis,
930 696 1089 779 quitum

136 794 532 887 Romanisaimperator,
562 804 599 865 et
620 820 757 864 morem
782 799 937 864 hostium
960 804 1088 885 cogno-

136 907 205 972 vit:
235 898 350 969 multe
369 900 488 968 labore
502 901 682 994 multaque
696 927 790 982 cura,
804 884 997 993 “praeterea
1011 900 1087 965 mo-

135 1005 342 1074 destissume
363 1007 517 1098 parendo
543 1024 580 1075 et
598 1032 702 1099 saepe
724 1008 863 1074 obuiam
888 1005 1001 1074 eundo
1026 1027 1087 1094 pe-

135 1109 257 1181 riculis
283 1119 323 1178 in
349 1127 483 1192 tantam
511 1113 757 1180 claritudinem
790 1112 891 1179 breui
918 1133 1087 1203 peruene-

135 1233 209 1296 rat,
249 1235 287 1283 vt
310 1224 439 1284 nostris
466 1218 691 1313 vehementer
715 1243 828 1300 carus,
861 1218 1087 1284 Numantinis

135 1344 300 1390 maxumo
315 1330 442 1389 terrori
463 1341 560 1393 esset.
610 1324 664 1391 Ac
681 1347 774 1406 sane,
799 1322 892 1415 quod
911 1319 1085 1389 difficillu-

134 1451 236 1495 mum
258 1435 433 1519 inprimis
451 1447 522 1511 est,
547 1447 584 1498 et
600 1428 734 1522 praelio
753 1444 915 1496 strenuus
937 1444 1021 1508 erat,
1049 1443 1086 1492 et

134 1535 247 1600 bonus
265 1532 430 1614 consilio,
459 1556 610 1627 quorum
632 1533 781 1603 alterum
804 1558 845 1601 ex
864 1533 1085 1625 prouidentia

134 1648 316 1718 timorem,
351 1637 508 1729 ,alterum
534 1664 576 1706 ex
605 1642 746 1708 andacia
773 1646 1007 1708 temeritatem
1031 1637 1085 1702 ad·

134 1747 226 1811 ferre
242 1742 451 1835 plerumque
471 1744 569 1812 solet.
633 1747 744 1836 Igitur
764 1753 953 1835 imperator
970 1749 1084 1809 omnis
1108 1752 1111 1757 '

132 1850 207 1915 fere
227 1872 282 1915 res
307 1873 444 1939 asperas
461 1874 525 1941 per
541 1852 744 1941 Iugurtham
764 1873 878 1942 agere,
905 1855 943 1917 in
963 1855 1084 1915 amicis

132 1954 273 2034 habere,
296 1962 597 2048 magismagisque
610 1963 647 2022 in
661 1957 734 2023 dies
747 1955 928 2047 amplecti:
952 1961 1084 2045 quippe

132 2067 233 2128 cuius
260 2083 373 2150 neque
399 2062 601 2143 consilium,
631 2086 743 2155 neque
768 2069 950 2153 inceptum
972 2058 1083 2127 vllum

130 2166 260 2232 frustra
283 2180 365 2232 erat.
395 2154 498 2345 [fluo
515 2169 699 2237 accedebat
716 2166 955 2234 munificentia
973 2171 1083 2231 animi

134 2288 170 2339 et
195 2276 328 2362 ingenii
355 2296 393 2338 so
421 2278 528 2354 ertia,
564 2281 641 2366 quis
667 2273 769 2342 rebus
795 2273 864 2340 sibi
887 2270 1016 2339 multos
1041 2294 1082 2336 ex

134 2381 298 2446 Romanis
322 2375 484 2447 familiari
511 2387 666 2447 amicitia
689 2386 925 2449 coniunxerat.

481 2557 612 2628 oAP.
654 2560 736 2626 IV.

198 2694 248 2760 Ea
265 2711 471 2788 tempestate
493 2705 530 2767 in
548 2706 702 2769 exercitu
726 2713 847 2766 nostro
870 2697 968 2763 fuere
984 2717 1081 2762 com·

132 2795 250 2887 plures
273 2809 359 2868 noui
376 2819 483 2896 etque
503 2804 656 2886 nobiles,
687 2805 810 2897 quibus
823 2804 968 2870 diuitiae
987 2801 1082 2866 bono

131 2902 349 2997 honestoque
366 2916 519 2999 potiores
541 2928 652 2993 erant,
670 2911 818 2991 factiosi,
841 2908 937 2976 domi
962 2922 1081 2996 poten-

132 3026 195 3090 tes,
225 3012 318 3103 apud
338 3022 448 3083 socios
463 3015 547 3093 clari
564 3025 686 3108 magis,
713 3040 817 3109 quam
835 3016 973 3082 honesti
980 3037 991 3091 3
1019 3017 1081 3103 qui

130 3117 318 3205 Iugurthae
345 3143 417 3187 non
438 3122 653 3190 mediocrem
674 3131 832 3192 animum
851 3114 1080 3212 pollicitando

130 3222 381 3291 accendebant:
438 3252 475 3294 ει
501 3250 675 3320 'uicinae
718 3250 797 3295 arx
831 3245 1077 3301 onerarem,

128 3350 250 3409 roan,
286 3353 357 3398 vri
394 3355 510 3400 sorva
537 3355 702 3401 rueram
734 3355 946 3400 nvnrnrar
975 3350 1079 3394 norr-

129 3455 278 3514 narva3
317 3460 360 3501 ru
400 3461 482 3505 rrso
517 3461 717 3507 naxvnau
751 3459 979 3516 vrarvran,
1016 3455 1078 3499 nst

129 3561 213 3609 uae
248 3563 385 3607 ounra
416 3566 589 3611 vinaria
619 3568 716 3613 naar.
778 3543 848 3613 sad
875 3558 1075 3637 postquam,

128 3643 321 3716 Numantia
349 3646 497 3735 deleta„
517 3648 555 3722 Ρ.
586 3649 707 3745 Scipio
736 3648 915 3733 dimittere
936 3643 1076 3726 auxilie,
