2258 3998
79 111 124 181 58
349 107 762 189 coutvttarto

81 267 229 362 quinius‘
244 265 293 347 ad
318 254 503 339 Senatum·
518 268 687 345 adductus
701 310 703 315 ·
718 282 810 346 erat,
826 286 830 291 ·
851 256 956 356 quem
983 260 1028 329 ad

82 373 269 442 Catilinam
295 376 575 467 proficiscentem
605 400 646 442 ex
678 378 804 441 itinere
835 386 1029 439 retractum

81 479 228 545 aiebant
267 481 309 563 ‚Is
325 504 406 547 cum
425 505 462 549 se
483 482 617 549 diceret
632 480 865 547 indicantium·
880 477 924 545 de
947 497 1029 541 oon-

81 587 272 663 iuratione,
298 589 328 650 si
353 584 438 652 fides
466 586 605 678 publica
631 586 711 653 data
737 599 826 651 esset
833 609 843 663 ;
873 586 982 648 iussus
1010 601 1031 643 a

82 689 248 771 Consule,
275 712 363 779 qaae
380 696 494 772 sciret,
521 692 667 771 edicere,
693 689 815 758 eadem
833 689 919 767 fere,
942 709 1031 776 quae

84 792 304 873 Volturcius,
333 793 377 861 de
396 805 526 886 paratis
551 797 739 874 incendiis,
771 795 815 861 de
840 793 943 861 caede
970 792 1032 858 bo-

84 923 230 979 norum,
264 899 307 966 de
337 906 466 991 itinere
495 904 649 973 hostiurn
682 905 851 969 Senatum
883 900 1025 967 edocet:

84 1022 263 1096 praeterea
279 1032 315 1081 se
333 1013 478 1074 missum
490 1035 516 1077 a
533 1013 589 1077 M.
613 984 744 1088 Crbsso,
774 1013 838 1100 qui
858 1009 1032 1074 Catilinae

85 1116 277 1191 nunciaret,
307 1137 351 1178 ne
373 1116 556 1198 Lentulus,
585 1117 766 1203 Cethegus,
795 1117 862 1179 alii
883 1137 929 1178 ex
953 1092 1043 1176 con·-

86 1221 258 1283 iuratione
280 1219 480 1309 depretiant
504 1240 680 1298 terrerent5
708 1244 815 1310 eoque
830 1223 941 1305 magis
953 1242 1034 1308 pro-

82 1341 221 1412 peraret
253 1325 319 1388 od·
332 1328 451 1392 vrbem
480 1326 650 1408 accedere,
696 1350 764 1416 quo
792 1345 827 1391 et
851 1344 1036 1389 ceterorum

87 1431 223 1493 animos
246 1430 408 1516 reficeret,
450 1435 564 1503 artur·
576 1433 728 1525 fircilius
750 1455 769 1496 e
791 1433 943 1522 periculo
970 1434 1035 1495 eri-

83 1552 254 1623 perentur.
304 1536 372 1602 Sed
389 1536 445 1629 vbi
465 1538 674 1629 Tarquinius
692 1539 853 1604 Crassum
880 1539 1036 1602 nomina-

88 1642 150 1718 vit,
177 1640 356 1707 hominem
371 1640 535 1721 nobilem,
556 1647 724 1707 maxumis
741 1640 882 1717 diuitiis,
901 1664 1036 1704 summa

89 1749 259 1832 potentia:
306 1742 384 1821 alii,
425 1766 504 1810 rem
534 1742 776 1811 incredibilem
813 1750 898 1823 rati;
942 1766 1034 1831 pars,

89 1855 228 1913 tametsi
266 1871 386 1914 verum
422 1848 692 1930 existumabant,
736 1865 855 1915 tamen
887 1850 968 1936 quia
999 1850 1037 1911 in

89 1951 152 2017 tali
179 1969 338 2041 tempore
364 1968 460 2020 tanta
484 1958 532 2022 vis
556 1955 704 2021 hominis
729 1952 903 2032 leniunda,
933 1975 1039 2040 quam

91 2057 292 2146 exagitanda
315 2057 495 2125 videbatur
502 2084 512 2140 3
544 2059 703 2152 plerique
725 2061 847 2127 Crasso
868 2080 909 2123 ex
931 2080 1040 2148 nego-

90 2167 147 2226 tiis
162 2167 308 2252 priuatis
322 2164 461 2232 obnoxii
475 2163 703 2246 conclamant,
732 2166 879 2255 indicem
885 2161 1036 2252 fabum,

90 2267 205 2358 deque
216 2291 261 2337 ea
283 2292 322 2337 re
338 2269 518 2361 postulant
536 2276 586 2339 vti
597 2273 778 2338 referatur.
828 2271 948 2357 Itaque
962 2291 1040 2334 oon·

91 2372 230 2442 sulente
271 2377 438 2443 Cicerone
471 2376 631 2467 frequens
670 2377 819 2443 Senatus
858 2374 1035 2441 decernits

98 2481 299 2572 Tarquinii
312 2483 479 2546 indicium
499 2481 639 2573 falsum
665 2483 794 2561 videri,
827 2503 972 2569 eumque
1001 2483 1041 2543 in

93 2589 247 2651 vinculis
271 2586 504 2666 retinendum
534 2612 645 2678 neque
673 2587 824 2677 amplius
841 2601 1041 2674 potestatem

83 2690 310 2782 faciundam,
340 2695 412 2757 nisi
431 2692 474 2759 de
499 2718 537 2761 eo
563 2695 745 2773 indicaret,
773 2695 871 2757 cuius
898 2692 1008 2756 consil
1015 2694 1021 2706 ‘

94 2814 232 2865 tantam
258 2820 329 2862 rem
352 2803 513 2865 mencines
531 2818 622 2866 esset
671 2798 780 2865 Erant
804 2818 847 2863 eo
867 2810 1042 2885 tempore,

94 2904 156 2992 qui
180 2917 426 2982 aestumaverit,
455 2901 541 2971 illud
563 2926 583 2969 a
606 2905 647 2981 P,
669 2903 844 2987 Autronio
867 2901 1042 2967 maehina-

95 3024 184 3087 tum,
212 3028 283 3097 quo
309 3006 457 3090 facilius,
486 3004 661 3098 adpellato
685 3008 820 3084 Crasso,
846 3029 910 3096 per
934 3009 1043 3070 socie·

95 3129 207 3181 tatem
236 3111 383 3204 periculi
409 3111 566 3204 reliquos
591 3109 681 3177 illius
703 3098 868 3202 potentia
895 3124 1038 3199 tegeret.

96 3217 169 3286 Alii
191 3220 422 3311 Tarquinium
442 3243 463 3286 a
484 3219 652 3287 Cicerone
674 3220 865 3283 immissum
891 3214 1042 3294 aiebant,

98 3346 144 3390 ne
166 3325 317 3406 Crassus,
345 3346 443 3393 more
456 3347 531 3408 suo,
556 3320 906 3417 susceptomalorum
926 3337 1046 3411 patro

99 3433 192 3497 cinio
203 3428 455 3525 rempublicam
474 3428 704 3499 conturbaret.
752 3428 869 3518 Ipsum
885 3427 1046 3492 Crassum

100 3555 165 3621 ego
188 3551 308 3623 postea
331 3536 590 3629 praedicantem
616 3531 750 3612 audiui,
790 3545 928 3597 tantam
949 3528 1047 3596 illam

101 3639 349 3710 contumeliam
370 3641 436 3711 sibi
455 3639 501 3711 ab
519 3640 694 3737 Cicerone
710 3640 921 3730 impositam·
963 3660 981 3725 ‘2
