2258 3998
112 106 183 195 246.
231 136 290 175 :2212
320 103 904 173 :=*-11-NTE¹RPRETAT10.=·J.·
957 112 985 166 ,ι
1030 164 1035 171 .

114 264 278 341 verliepen.
292 308 295 313 .
309 260 406 342 ctrp·
423 267 489 339 142.
508 262 640 323 euinou
657 267 838 330 suacium·
851 259 971 341 quippe
988 278 1077 340 quae

115 360 204 429 nulla
222 374 302 423 suut
347 359 497 419 Ceterum
512 356 726 421 Herodianus
741 357 784 419 de.
800 355 980 436 hoczplebis
993 357 1079 415 vitio

115 457 198 525 bene
215 457 373 525 obseruat,
397 455 472 515 VII.
489 453 536 514 15.
561 452 648 523 illud·
658 455 789 535 quidem
800 454 919 534 vbiq'u'e
935 455 966 511 ei
985 472 1077 513 come.

116 574 217 619 mune,
233 573 307 620 esse,
330 551 450 613 Romae
465 566 572 611 tamen
587 552 722 610 niaxime
744 570 876 632 regnare
896 547 1079 611 obvanam

116 671 156 710 ex
165 649 503 731 peregrinis-coactam
515 666 724 728 magnamque
743 646 988 709 mutitudinem.

142 804 146 813 ,
194 765 227 824 Ρ.
241 744 291 807 50.
314 746 391 823 reip.
411 747 507 803 iuxta
526 742 642 802 acribi
659 743 799 805 consulu.
808 752 853 795 ’-
867 741 906 801 ·h.
922 763 948 801 e.
970 761 1076 820 aeque

117 843 219 901 minus
240 861 326 899 suam
347 861 384 900 ac
402 837 592 919 reipublicae
606 837 736 899 salutem
759 841 849 899 serio
855 848 1000 897 ·eurasse‘.
1025 837 1078 898 ci.

117 937 249 997 similem
264 936 417 1017 loquendi
438 936 570 997 modum
591 958 622 1014 Ρ.
616 934 686 995 .56.
712 957 740 996 c.
754 934 861 997 LVII
873 936 992 995 cuncti
996 954 1078 1035 ειιιιαΙ

118 1020 316 1112 hortumque
338 1032 419 1090 vitae
442 1033 538 1091 iuxta
548 1044 765 1111 pepercerant„
820 1058 836 1089 ιι
851 1062 887 1093 ι...
914 1058 919 1089 i

127 1194 133 1202 ,
197 1130 292 1209 p,-'.5z
318 1149 423 1209 neque
445 1128 555 1187 aliena
573 1130 717 1194 consiliu·
734 1130 907 1209 quoniam
917 1127 1074 1189 nimirum

118 1228 208 1293 Bruti
230 1226 341 1285 domus
364 1226 486 1284 conscia
508 1239 575 1283 erat
604 1225 824 1285 coniurationis
825 1264 872 1283 .....

181 1343 229 1401 p
222 1322 291 1398 54
314 1319 476 1402 Cethegus
478 1321 815 1405 semperquerebeurr
825 1320 895 1381 'rell
921 1319 961 1380 cf.
971 1322 1070 1387 =,Pluc

118 1421 153 1493 ip
175 1418 295 1477 Cat.-
316 1416 423 1476 Paullo
447 1432 518 1477 ante
542 1417 583 1477 in·
599 1418 716 1498 optimo
736 1417 871 1487 consuli,
896 1418 1073 1477 notandum

119 1517 214 1575 etiam
236 1514 298 1581 hoc
319 1511 693 1592 praedicatumstribuere
713 1512 833 1574 consuli
851 1515 947 1573 moris
965 1512 1070 1575 trisse.

118 1613 167 1670 Ita
188 1612 292 1669 Cicero
313 1608 443 1688 Philipp.
467 1609 539 1667 VII.
565 1629 591 1666 a.
618 1610 651 1667 in
678 1608 804 1669 consule
826 1610 921 1669 Pansa
944 1612 1077 1670 coniun-

119 1711 163 1789 git
184 1708 340 1787 optimum
361 1719 393 1763 et
408 1707 738 1785 pmestautissimum,
761 1707 806 1765 vti
821 1705 937 1767 Plinius
958 1708 993 1764 in
1015 1707 1074 1765 Pa·

118 1822 188 1883 neg.
206 1822 241 1859 a.
267 1802 464 1860 senatorium
485 1793 526 1859 id
542 1821 608 1859 esse
631 1815 730 1882 atqzre
755 1803 851 1861 ciuile
873 1804 957 1863 dicits

131 1929 135 1938 ,
197 1919 228 1976 p.
241 1897 294 1967 Zia·
317 1917 344 1956 c.
361 1896 523 1957 XXXXH.
548 1897 673 1955 interea
694 1896 801 1977 plebes
821 1932 834 1943 -
856 1932 870 1953 ψ
952 1913 1075 1960 mutata

119 2007 242 2067 niente:
266 1991 306 2063 ef.
331 2009 402 2065 ante
420 2014 452 2072 p.
470 2013 516 2072 29.
531 1993 581 2053 50.
604 2022 607 2027 ¹
635 2028 638 2033 ·
828 2026 831 2031 ·

192 2111 229 2168 p.
248 2096 296 2166 4ο.
323 2087 511 2168 supplicium
523 2110 614 2151 rum..
627 2107 789 2151 censuerat
808 2123 837 2137 ·-
854 2113 978 2172 nempe,
1002 2113 1074 2173 sup-

118 2183 248 2264 plicium
268 2185 440 2245 ultimum:
464 2184 526 2245 Sed
546 2185 587 2245 cf.
612 2208 686 2247 rnox
707 2188 849 2249 dicende.
873 2242 877 2251 .
1071 2222 1076 2237 ι

198 2313 233 2326 -
271 2316 304 2327 ·-
331 2303 357 2340 c.
377 2281 569 2341 XXXXVII.
593 2283 632 2343 ab
649 2285 735 2344 odio.
750 2304 810 2343 am.
839 2304 870 2343 a.·
889 2285 956 2343 mis.
984 2307 1012 2345 v.
1039 2305 1074 2344 e..

119 2377 219 2437 decet.
262 2377 357 2435 Haud
378 2375 438 2437 fac.
457 2410 468 2421 -
490 2410 505 2421 ·
525 2409 539 2421 -
560 2410 575 2422 -
597 2393 629 2438 et
649 2381 716 2437 vsui
737 2379 851 2459 paruit.
903 2379 943 2439 Id
962 2383 1073 2460 pauc-is

35 2517 39 2523 .
118 2474 265 2531 enunciat
285 2495 315 2552 p.
334 2493 398 2531 120.
423 2470 575 2553 cupidine
591 2488 691 2555 atquc
705 2478 767 2545 ira,
786 2477 931 2556 persiruir
949 2478 1072 2535 consul·

118 2570 246 2628 toribus.
835 2628 840 2639 ,

273 2698 312 2710 --
334 2679 416 2723 recte
437 2679 537 2746 acque
559 2665 692 2725 ordine:
717 2669 914 2727 Senatorium
937 2667 1070 2739 dictum,

119 2760 171 2818 cui
193 2760 286 2817 etiam
315 2761 488 2830 addebant,
523 2783 542 2818 e
575 2763 736 2844 republica
761 2767 880 2841 secuse
906 2777 940 2822 vt
963 2766 1071 2823 Cicero

119 2852 251 2934 Philipp.
269 2856 328 2914 ΙΙΙ.
347 2854 392 2912 15.
418 2856 508 2915 Verr.
525 2857 568 2916 ΙΙ.
587 2859 618 2928 5,
632 2859 672 2936 84
694 2895 733 2904 -
755 2859 955 2921 Contrarium
976 2860 1092 2921 huiut'=

117 2964 229 3010 contra
251 2951 480 3032 rempublicam
494 2974 525 3032 p.
548 2962 595 3031 24.
620 2955 668 3032 45.

197 3068 228 3126 p.
242 3054 292 3123 42.
316 3049 374 3127 qui
395 3069 437 3107 m.
457 3049 477 3106 i.
496 3069 543 3128 pr.
561 3052 596 3108 in
614 3051 734 3112 excelso
754 3067 813 3116 net.
833 3073 883 3135 ag.
904 3053 1016 3113 efacta
1031 3089 1071 3103 --

117 3164 254 3205 nouere:
272 3143 401 3202 Plinius
413 3145 524 3227 Paneg.
536 3145 585 3206 83.
599 3147 849 3231 mugna'fortuna
860 3149 940 3209 nihil
951 3165 1072 3213 tectum

117 3236 197 3299 nihil
217 3238 376 3299 occultum
399 3261 462 3305 esse
480 3243 616 3321 petitura
642 3245 682 3305 ci.
699 3267 730 3326 p.
747 3246 813 3309 158.
832 3249 988 3306 maiorum
1008 3246 1071 3329 glo·

117 3337 165 3394 ria
185 3337 314 3415 posteris
331 3335 439 3394 lumen
459 3353 535 3397 etc..

197 3463 235 3476 -·
272 3464 308 3478 --
340 3433 510 3490 clarusimi
536 3434 600 3492 viri
632 3439 757 3496 consuli
782 3472 823 3487 -
845 3438 917 3499 Hoc
942 3439 1072 3501 honoris

116 3524 309 3605 praefamine
331 3542 400 3597 aut,
424 3529 690 3609 praeclarissimi,
713 3536 876 3598 Senatores
903 3536 1072 3598 utebantur

118 3640 225 3682 coram
244 3621 381 3687 Consule
403 3638 435 3683 et
458 3624 492 3683 in
514 3642 562 3686 eo.
