<?xml version="1.0" encoding="UTF-8"?>
<!DOCTYPE html PUBLIC "-//W3C//DTD XHTML 1.0 Transitional//EN"
    "http://www.w3.org/TR/xhtml1/DTD/xhtml1-transitional.dtd">
<html xmlns="http://www.w3.org/1999/xhtml" xml:lang="en" lang="en">
 <head>
  <title>
</title>
<meta http-equiv="Content-Type" content="text/html;charset=utf-8" />
  <meta name='ocr-system' content='tesseract 3.04.00' />
  <meta name='ocr-capabilities' content='ocr_page ocr_carea ocr_par ocr_line ocrx_word'/>
</head>
<body>
  <div class='ocr_page' id='page_1' title='image "./caivscrispvssal00sallgoog_0159.png"; bbox 0 0 2258 3998; ppageno 0'>
   <div class='ocr_carea' id='block_1_1' title="bbox 86 115 730 209">
    <p class='ocr_par' dir='ltr' id='par_1_1' title="bbox 86 115 730 209">
     <span class='ocr_line' id='line_1_1' title="bbox 86 115 730 209; baseline -0.014 -20"><span class='ocrx_word' id='word_1_1' title='bbox 86 126 148 208; x_wconf 68' lang='lat'><strong>¹4⁴</strong></span> <span class='ocrx_word' id='word_1_2' title='bbox 425 115 730 209; x_wconf 62' lang='lat' dir='ltr'>BELLVM</span> 
     </span>
    </p>
   </div>
   <div class='ocr_carea' id='block_1_2' title="bbox 79 268 1049 2690">
    <p class='ocr_par' dir='ltr' id='par_1_2' title="bbox 79 268 1049 2690">
     <span class='ocr_line' id='line_1_2' title="bbox 79 268 1043 367; baseline -0.005 -25"><span class='ocrx_word' id='word_1_3' title='bbox 79 276 246 367; x_wconf 78' lang='lat' dir='ltr'><strong>gurtham</strong></span> <span class='ocrx_word' id='word_1_4' title='bbox 270 280 460 352; x_wconf 82' lang='lat' dir='ltr'><strong>immunes,</strong></span> <span class='ocrx_word' id='word_1_5' title='bbox 492 271 566 338; x_wconf 88' lang='lat' dir='ltr'><strong>leui</strong></span> <span class='ocrx_word' id='word_1_6' title='bbox 590 279 754 364; x_wconf 88' lang='lat' dir='ltr'><strong>imperio,</strong></span> <span class='ocrx_word' id='word_1_7' title='bbox 784 288 821 339; x_wconf 90' lang='lat' dir='ltr'><strong>et</strong></span> <span class='ocrx_word' id='word_1_8' title='bbox 838 272 883 339; x_wconf 89' lang='lat' dir='ltr'><strong>ob</strong></span> <span class='ocrx_word' id='word_1_9' title='bbox 903 292 944 341; x_wconf 79' lang='lat' dir='ltr'><strong>ea</strong></span> <span class='ocrx_word' id='word_1_10' title='bbox 962 268 1043 337; x_wconf 84' lang='lat' dir='ltr'><strong>fide·</strong></span> 
     </span>
     <span class='ocr_line' id='line_1_3' title="bbox 80 378 1042 473; baseline -0.006 -25"><span class='ocrx_word' id='word_1_11' title='bbox 80 380 220 448; x_wconf 88' lang='lat' dir='ltr'><strong>lissumi</strong></span> <span class='ocrx_word' id='word_1_12' title='bbox 255 378 498 471; x_wconf 83' lang='lat' dir='ltr'><strong>habebantnr3</strong></span> <span class='ocrx_word' id='word_1_13' title='bbox 539 383 668 445; x_wconf 90' lang='lat' dir='ltr'><strong>muniti</strong></span> <span class='ocrx_word' id='word_1_14' title='bbox 706 378 896 473; x_wconf 84' lang='lat' dir='ltr'><strong>aduersum</strong></span> <span class='ocrx_word' id='word_1_15' title='bbox 933 378 1042 443; x_wconf 86' lang='lat' dir='ltr'><strong>hostis</strong></span> 
     </span>
     <span class='ocr_line' id='line_1_4' title="bbox 85 480 1045 574; baseline -0.008 -20"><span class='ocrx_word' id='word_1_16' title='bbox 85 512 158 554; x_wconf 89' lang='lat' dir='ltr'><strong>non</strong></span> <span class='ocrx_word' id='word_1_17' title='bbox 174 483 358 552; x_wconf 86' lang='lat' dir='ltr'><strong>moenibus</strong></span> <span class='ocrx_word' id='word_1_18' title='bbox 380 483 486 550; x_wconf 86' lang='lat' dir='ltr'><strong>modo</strong></span> <span class='ocrx_word' id='word_1_19' title='bbox 509 489 669 550; x_wconf 78' lang='lat' dir='ltr'><strong>sturmis</strong></span> <span class='ocrx_word' id='word_1_20' title='bbox 690 498 795 574; x_wconf 88' lang='lat' dir='ltr'><strong>atque</strong></span> <span class='ocrx_word' id='word_1_21' title='bbox 808 490 904 562; x_wconf 85' lang='lat' dir='ltr'><strong>viris,</strong></span> <span class='ocrx_word' id='word_1_22' title='bbox 928 480 1045 547; x_wconf 88' lang='lat' dir='ltr'><strong>multo</strong></span> 
     </span>
     <span class='ocr_line' id='line_1_5' title="bbox 80 589 1046 684; baseline -0.009 -23"><span class='ocrx_word' id='word_1_23' title='bbox 80 599 195 684; x_wconf 78' lang='lat' dir='ltr'><strong>&#39;tnagis</strong></span> <span class='ocrx_word' id='word_1_24' title='bbox 218 590 377 659; x_wconf 89' lang='lat' dir='ltr'><strong>locorum</strong></span> <span class='ocrx_word' id='word_1_25' title='bbox 401 596 600 681; x_wconf 80' lang='lat' dir='ltr'><strong>asperitate.</strong></span> <span class='ocrx_word' id='word_1_26' title='bbox 648 589 754 670; x_wconf 79' lang='lat' dir='ltr'><strong>Nam,</strong></span> <span class='ocrx_word' id='word_1_27' title='bbox 784 604 924 678; x_wconf 87' lang='lat' dir='ltr'><strong>praeter</strong></span> <span class='ocrx_word' id='word_1_28' title='bbox 948 593 1046 678; x_wconf 91' lang='lat' dir='ltr'><strong>oppi-</strong></span> 
     </span>
     <span class='ocr_line' id='line_1_6' title="bbox 86 692 1045 793; baseline -0.007 -29"><span class='ocrx_word' id='word_1_29' title='bbox 86 699 132 764; x_wconf 89' lang='lat' dir='ltr'><strong>do</strong></span> <span class='ocrx_word' id='word_1_30' title='bbox 158 703 365 790; x_wconf 80' lang='lat' dir='ltr'><strong>propinqua,</strong></span> <span class='ocrx_word' id='word_1_31' title='bbox 394 694 462 761; x_wconf 89' lang='lat' dir='ltr'><strong>alia</strong></span> <span class='ocrx_word' id='word_1_32' title='bbox 484 701 604 763; x_wconf 89' lang='lat' dir='ltr'><strong>omnia</strong></span> <span class='ocrx_word' id='word_1_33' title='bbox 629 711 735 793; x_wconf 85' lang='lat' dir='ltr'><strong>vasta,</strong></span> <span class='ocrx_word' id='word_1_34' title='bbox 766 692 911 772; x_wconf 86' lang='lat' dir='ltr'><strong>inculta,</strong></span> <span class='ocrx_word' id='word_1_35' title='bbox 939 714 1045 783; x_wconf 84' lang='lat' dir='ltr'><strong>egen-</strong></span> 
     </span>
     <span class='ocr_line' id='line_1_7' title="bbox 83 799 1046 894; baseline -0.006 -23"><span class='ocrx_word' id='word_1_36' title='bbox 83 810 134 872; x_wconf 91' lang='lat' dir='ltr'><strong>tia</strong></span> <span class='ocrx_word' id='word_1_37' title='bbox 161 824 282 894; x_wconf 81' lang='lat' dir='ltr'><strong>aquae,</strong></span> <span class='ocrx_word' id='word_1_38' title='bbox 310 801 436 866; x_wconf 84' lang='lat' dir='ltr'><strong>infesta</strong></span> <span class='ocrx_word' id='word_1_39' title='bbox 457 799 698 893; x_wconf 79' lang='lat' dir='ltr'><strong>serpentibus3</strong></span> <span class='ocrx_word' id='word_1_40' title='bbox 727 822 877 890; x_wconf 89' lang='lat' dir='ltr'><strong>quarum</strong></span> <span class='ocrx_word' id='word_1_41' title='bbox 894 805 957 878; x_wconf 85' lang='lat' dir='ltr'><strong>vis,</strong></span> <span class='ocrx_word' id='word_1_42' title='bbox 984 805 1046 865; x_wconf 85' lang='lat' dir='ltr'><strong>sic·</strong></span> 
     </span>
     <span class='ocr_line' id='line_1_8' title="bbox 85 896 1047 995; baseline -0.006 -18"><span class='ocrx_word' id='word_1_43' title='bbox 85 917 138 979; x_wconf 81' lang='lat' dir='ltr'><strong>‘vti</strong></span> <span class='ocrx_word' id='word_1_44' title='bbox 156 915 323 975; x_wconf 77' lang='lat' dir='ltr'><strong>&#39;bmnium</strong></span> <span class='ocrx_word' id='word_1_45' title='bbox 346 908 513 986; x_wconf 85' lang='lat' dir='ltr'><strong>ferarum,</strong></span> <span class='ocrx_word' id='word_1_46' title='bbox 542 912 660 995; x_wconf 89' lang='lat' dir='ltr'><strong>iuopia</strong></span> <span class='ocrx_word' id='word_1_47' title='bbox 675 905 745 971; x_wconf 86' lang='lat' dir='ltr'><strong>eibi</strong></span> <span class='ocrx_word' id='word_1_48' title='bbox 765 910 886 973; x_wconf 84' lang='lat' dir='ltr'><strong>aerior.</strong></span> <span class='ocrx_word' id='word_1_49' title='bbox 911 903 959 971; x_wconf 86' lang='lat' dir='ltr'><strong>¹ad</strong></span> <span class='ocrx_word' id='word_1_50' title='bbox 978 896 1047 971; x_wconf 72' lang='lat' dir='ltr'><strong>h&#39;oe</strong></span> 
     </span>
     <span class='ocr_line' id='line_1_9' title="bbox 86 1014 1044 1103; baseline -0.006 -21"><span class='ocrx_word' id='word_1_51' title='bbox 86 1018 212 1083; x_wconf 73' lang='lat' dir='ltr'><strong>natura</strong></span> <span class='ocrx_word' id='word_1_52' title='bbox 249 1019 466 1103; x_wconf 84' lang='lat' dir='ltr'><strong>serpentium</strong></span> <span class='ocrx_word' id='word_1_53' title='bbox 498 1017 573 1101; x_wconf 87' lang='lat' dir='ltr'><strong>ipsa</strong></span> <span class='ocrx_word' id='word_1_54' title='bbox 603 1017 800 1102; x_wconf 85' lang='lat' dir='ltr'><strong>perniciosa</strong></span> <span class='ocrx_word' id='word_1_55' title='bbox 830 1014 888 1076; x_wconf 82' lang='lat' dir='ltr'><strong>siti</strong></span> <span class='ocrx_word' id='word_1_56' title='bbox 920 1016 1044 1100; x_wconf 76' lang='lat' dir='ltr'><strong>magis,</strong></span> 
     </span>
     <span class='ocr_line' id='line_1_10' title="bbox 88 1104 1047 1212; baseline -0.006 -25"><span class='ocrx_word' id='word_1_57' title='bbox 88 1104 194 1212; x_wconf 73' lang='lat' dir='ltr'><strong>quain</strong></span> <span class='ocrx_word' id='word_1_58' title='bbox 207 1118 288 1185; x_wconf 72' lang='lat' dir='ltr'><strong>alia</strong></span> <span class='ocrx_word' id='word_1_59' title='bbox 316 1118 373 1197; x_wconf 75' lang='lat' dir='ltr'><strong>re,</strong></span> <span class='ocrx_word' id='word_1_60' title='bbox 403 1116 614 1183; x_wconf 64' lang='lat' dir='ltr'><strong>ascenditur.</strong></span> <span class='ocrx_word' id='word_1_61' title='bbox 664 1116 749 1181; x_wconf 91' lang='lat' dir='ltr'><strong>Eius</strong></span> <span class='ocrx_word' id='word_1_62' title='bbox 778 1115 942 1209; x_wconf 87' lang='lat' dir='ltr'><strong>potiundi</strong></span> <span class='ocrx_word' id='word_1_63' title='bbox 968 1117 1047 1181; x_wconf 88' lang='lat' dir='ltr'><strong>Ma·</strong></span> 
     </span>
     <span class='ocr_line' id='line_1_11' title="bbox 86 1221 1048 1313; baseline -0.006 -20"><span class='ocrx_word' id='word_1_64' title='bbox 86 1226 183 1293; x_wconf 81' lang='lat' dir='ltr'><strong>rium</strong></span> <span class='ocrx_word' id='word_1_65' title='bbox 208 1248 367 1291; x_wconf 85' lang='lat' dir='ltr'><strong>maxuma</strong></span> <span class='ocrx_word' id='word_1_66' title='bbox 396 1221 525 1313; x_wconf 84' lang='lat' dir='ltr'><strong>cupido</strong></span> <span class='ocrx_word' id='word_1_67' title='bbox 553 1228 749 1301; x_wconf 79' lang='lat' dir='ltr'><strong>inuaserat3</strong></span> <span class='ocrx_word' id='word_1_68' title='bbox 789 1228 1048 1311; x_wconf 84' lang='lat' dir='ltr'><strong>cum&#39;p&#39;r&#39;opter</strong></span> 
     </span>
     <span class='ocr_line' id='line_1_12' title="bbox 84 1327 1047 1418; baseline -0.007 -19"><span class='ocrx_word' id='word_1_69' title='bbox 84 1352 189 1400; x_wconf 78' lang='lat' dir='ltr'><strong>rsum</strong></span> <span class='ocrx_word' id='word_1_70' title='bbox 207 1329 319 1409; x_wconf 84' lang='lat' dir='ltr'><strong>belli,</strong></span> <span class='ocrx_word' id='word_1_71' title='bbox 351 1345 429 1394; x_wconf 92' lang='lat' dir='ltr'><strong>tum</strong></span> <span class='ocrx_word' id='word_1_72' title='bbox 455 1334 538 1418; x_wconf 89' lang='lat' dir='ltr'><strong>quia</strong></span> <span class='ocrx_word' id='word_1_73' title='bbox 561 1350 615 1393; x_wconf 89' lang='lat' dir='ltr'><strong>res</strong></span> <span class='ocrx_word' id='word_1_74' title='bbox 640 1350 759 1417; x_wconf 87' lang='lat' dir='ltr'><strong>aspera</strong></span> <span class='ocrx_word' id='word_1_75' title='bbox 779 1327 981 1406; x_wconf 66' lang='lat' dir='ltr'><strong>videbatur,</strong></span> <span class='ocrx_word' id='word_1_76' title='bbox 1010 1341 1047 1393; x_wconf 81' lang='lat' dir='ltr'><strong>et</strong></span> 
     </span>
     <span class='ocr_line' id='line_1_13' title="bbox 85 1431 1047 1526; baseline -0.006 -22"><span class='ocrx_word' id='word_1_77' title='bbox 85 1436 256 1504; x_wconf 76' lang='lat' dir='ltr'><strong>Metellus</strong></span> <span class='ocrx_word' id='word_1_78' title='bbox 283 1433 459 1526; x_wconf 84' lang='lat' dir='ltr'><strong>oppidum</strong></span> <span class='ocrx_word' id='word_1_79' title='bbox 480 1431 631 1499; x_wconf 81' lang='lat' dir='ltr'><strong>Thalam</strong></span> <span class='ocrx_word' id='word_1_80' title='bbox 658 1454 792 1523; x_wconf 81' lang='lat' dir='ltr'><strong>magna·</strong></span> <span class='ocrx_word' id='word_1_81' title='bbox 809 1432 920 1523; x_wconf 66' lang='lat' dir='ltr'><strong>glarie?</strong></span> <span class='ocrx_word' id='word_1_82' title='bbox 944 1454 1047 1522; x_wconf 81' lang='lat' dir='ltr'><strong>cepe·</strong></span> 
     </span>
     <span class='ocr_line' id='line_1_14' title="bbox 89 1529 1047 1629; baseline -0.006 -20"><span class='ocrx_word' id='word_1_83' title='bbox 89 1541 275 1622; x_wconf 65' lang='lat' dir='ltr'><strong>rat‚²haud</strong></span> <span class='ocrx_word' id='word_1_84' title='bbox 300 1538 518 1606; x_wconf 72' lang='lat' dir='ltr'><strong>dissimiliter</strong></span> <span class='ocrx_word' id='word_1_85' title='bbox 545 1547 653 1605; x_wconf 87' lang='lat' dir='ltr'><strong>situm</strong></span> <span class='ocrx_word' id='word_1_86' title='bbox 679 1529 942 1629; x_wconf 79' lang='lat' dir='ltr'><strong>munitumque:</strong></span> <span class='ocrx_word' id='word_1_87' title='bbox 978 1543 1047 1605; x_wconf 83' lang='lat' dir='ltr'><strong>nisi</strong></span> 
     </span>
     <span class='ocr_line' id='line_1_15' title="bbox 84 1642 1046 1740; baseline -0.006 -25"><span class='ocrx_word' id='word_1_88' title='bbox 84 1648 185 1740; x_wconf 86' lang='lat' dir='ltr'><strong>&#39;quod</strong></span> <span class='ocrx_word' id='word_1_89' title='bbox 210 1645 301 1738; x_wconf 83' lang='lat' dir='ltr'><strong>apud</strong></span> <span class='ocrx_word' id='word_1_90' title='bbox 323 1644 474 1712; x_wconf 81' lang='lat' dir='ltr'><strong>Thalam</strong></span> <span class='ocrx_word' id='word_1_91' title='bbox 492 1645 587 1711; x_wconf 89' lang='lat' dir='ltr'><strong>haud</strong></span> <span class='ocrx_word' id='word_1_92' title='bbox 609 1644 713 1735; x_wconf 82' lang='lat' dir='ltr'><strong>longe</strong></span> <span class='ocrx_word' id='word_1_93' title='bbox 737 1668 757 1710; x_wconf 86' lang='lat' dir='ltr'><strong>a</strong></span> <span class='ocrx_word' id='word_1_94' title='bbox 778 1642 962 1711; x_wconf 86' lang='lat' dir='ltr'><strong>moenibus</strong></span> <span class='ocrx_word' id='word_1_95' title='bbox 983 1642 1046 1709; x_wconf 51' lang='lat' dir='ltr'><strong>ali*</strong></span> 
     </span>
     <span class='ocr_line' id='line_1_16' title="bbox 91 1749 1048 1846; baseline -0.005 -26"><span class='ocrx_word' id='word_1_96' title='bbox 91 1750 185 1846; x_wconf 78' lang='lat' dir='ltr'><strong>quot&#39;</strong></span> <span class='ocrx_word' id='word_1_97' title='bbox 203 1752 317 1818; x_wconf 82' lang='lat' dir='ltr'><strong>fontes</strong></span> <span class='ocrx_word' id='word_1_98' title='bbox 345 1754 464 1832; x_wconf 73' lang='lat' dir='ltr'><strong>erant,</strong></span> <span class='ocrx_word' id='word_1_99' title='bbox 494 1750 775 1842; x_wconf 83' lang='lat' dir='ltr'><strong>Capsensesvna</strong></span> <span class='ocrx_word' id='word_1_100' title='bbox 796 1749 914 1831; x_wconf 88' lang='lat' dir='ltr'><strong>modo,</strong></span> <span class='ocrx_word' id='word_1_101' title='bbox 941 1766 1048 1841; x_wconf 82' lang='lat' dir='ltr'><strong>atque</strong></span> 
     </span>
     <span class='ocr_line' id='line_1_17' title="bbox 91 1855 1047 1948; baseline -0.003 -21"><span class='ocrx_word' id='word_1_102' title='bbox 91 1884 133 1927; x_wconf 88' lang='lat' dir='ltr'><strong>ea</strong></span> <span class='ocrx_word' id='word_1_103' title='bbox 159 1867 252 1925; x_wconf 90' lang='lat' dir='ltr'><strong>intra</strong></span> <span class='ocrx_word' id='word_1_104' title='bbox 272 1856 550 1948; x_wconf 81' lang='lat' dir='ltr'><strong>oppidum,‘·iugi</strong></span> <span class='ocrx_word' id='word_1_105' title='bbox 563 1878 672 1948; x_wconf 86' lang='lat' dir='ltr'><strong>aqua,</strong></span> <span class='ocrx_word' id='word_1_106' title='bbox 696 1874 811 1923; x_wconf 88' lang='lat' dir='ltr'><strong>cetera</strong></span> <span class='ocrx_word' id='word_1_107' title='bbox 835 1855 956 1946; x_wconf 88' lang='lat' dir='ltr'><strong>pluuia</strong></span> <span class='ocrx_word' id='word_1_108' title='bbox 973 1870 1047 1924; x_wconf 85' lang='lat' dir='ltr'><strong>vte-</strong></span> 
     </span>
     <span class='ocr_line' id='line_1_18' title="bbox 91 1946 1049 2054; baseline -0.004 -21"><span class='ocrx_word' id='word_1_109' title='bbox 91 1966 230 2033; x_wconf 83' lang='lat' dir='ltr'><strong>bantur.</strong></span> <span class='ocrx_word' id='word_1_110' title='bbox 281 1962 319 2029; x_wconf 93' lang='lat' dir='ltr'><strong>Id</strong></span> <span class='ocrx_word' id='word_1_111' title='bbox 337 1946 476 2052; x_wconf 69' lang='lat' dir='ltr'><strong>ibique,</strong></span> <span class='ocrx_word' id='word_1_112' title='bbox 488 1978 525 2028; x_wconf 86' lang='lat' dir='ltr'><strong>et</strong></span> <span class='ocrx_word' id='word_1_113' title='bbox 537 1968 574 2027; x_wconf 93' lang='lat' dir='ltr'><strong>in</strong></span> <span class='ocrx_word' id='word_1_114' title='bbox 596 1969 692 2043; x_wconf 80' lang='lat' dir='ltr'><strong>omni</strong></span> <span class='ocrx_word' id='word_1_115' title='bbox 712 1962 843 2041; x_wconf 79' lang='lat' dir='ltr'><strong>Africa,</strong></span> <span class='ocrx_word' id='word_1_116' title='bbox 867 1986 955 2054; x_wconf 86' lang='lat' dir='ltr'><strong>quae</strong></span> <span class='ocrx_word' id='word_1_117' title='bbox 973 1985 1049 2054; x_wconf 91' lang='lat' dir='ltr'><strong>pro·</strong></span> 
     </span>
     <span class='ocr_line' id='line_1_19' title="bbox 89 2060 1048 2158; baseline -0.001 -21"><span class='ocrx_word' id='word_1_118' title='bbox 89 2060 153 2138; x_wconf 85' lang='lat' dir='ltr'><strong>&#39;cul</strong></span> <span class='ocrx_word' id='word_1_119' title='bbox 179 2093 199 2135; x_wconf 86' lang='lat' dir='ltr'><strong>a</strong></span> <span class='ocrx_word' id='word_1_120' title='bbox 227 2075 316 2134; x_wconf 88' lang='lat' dir='ltr'><strong>mari</strong></span> <span class='ocrx_word' id='word_1_121' title='bbox 348 2067 514 2134; x_wconf 87' lang='lat' dir='ltr'><strong>incultius</strong></span> <span class='ocrx_word' id='word_1_122' title='bbox 543 2068 681 2158; x_wconf 81' lang='lat' dir='ltr'><strong>agebat,</strong></span> <span class='ocrx_word' id='word_1_123' title='bbox 726 2091 769 2134; x_wconf 84' lang='lat' dir='ltr'><strong>eo</strong></span> <span class='ocrx_word' id='word_1_124' title='bbox 794 2067 931 2135; x_wconf 83' lang='lat' dir='ltr'><strong>facilius</strong></span> <span class='ocrx_word' id='word_1_125' title='bbox 959 2067 1048 2137; x_wconf 90' lang='lat' dir='ltr'><strong>tole·</strong></span> 
     </span>
     <span class='ocr_line' id='line_1_20' title="bbox 91 2170 1048 2267; baseline -0.002 -25"><span class='ocrx_word' id='word_1_126' title='bbox 91 2170 243 2255; x_wconf 77' lang='lat' dir='ltr'><strong>rebatur,</strong></span> <span class='ocrx_word' id='word_1_127' title='bbox 275 2182 356 2265; x_wconf 87' lang='lat' dir='ltr'><strong>quia</strong></span> <span class='ocrx_word' id='word_1_128' title='bbox 386 2173 561 2240; x_wconf 85' lang='lat' dir='ltr'><strong>Numidae</strong></span> <span class='ocrx_word' id='word_1_129' title='bbox 584 2173 792 2267; x_wconf 89' lang='lat' dir='ltr'><strong>plerumque</strong></span> <span class='ocrx_word' id='word_1_130' title='bbox 821 2173 912 2240; x_wconf 87' lang='lat' dir='ltr'><strong>lacte</strong></span> <span class='ocrx_word' id='word_1_131' title='bbox 939 2191 976 2240; x_wconf 92' lang='lat' dir='ltr'><strong>et</strong></span> <span class='ocrx_word' id='word_1_132' title='bbox 1003 2173 1048 2240; x_wconf 85' lang='lat' dir='ltr'><strong>fe·</strong></span> 
     </span>
     <span class='ocr_line' id='line_1_21' title="bbox 91 2276 1049 2370; baseline -0.003 -21"><span class='ocrx_word' id='word_1_133' title='bbox 91 2282 168 2349; x_wconf 66' lang='lat' dir='ltr'><strong>*rlna</strong></span> <span class='ocrx_word' id='word_1_134' title='bbox 200 2305 307 2348; x_wconf 82' lang='lat' dir='ltr'><strong>carne</strong></span> <span class='ocrx_word' id='word_1_135' title='bbox 342 2280 584 2360; x_wconf 87' lang='lat' dir='ltr'><strong>vescebantur,</strong></span> <span class='ocrx_word' id='word_1_136' title='bbox 620 2276 734 2370; x_wconf 87' lang='lat' dir='ltr'><strong>neque</strong></span> <span class='ocrx_word' id='word_1_137' title='bbox 764 2279 891 2358; x_wconf 86' lang='lat' dir='ltr'><strong>salem,</strong></span> <span class='ocrx_word' id='word_1_138' title='bbox 932 2302 1049 2370; x_wconf 82' lang='lat' dir='ltr'><strong>neque</strong></span> 
     </span>
     <span class='ocr_line' id='line_1_22' title="bbox 91 2384 1048 2476; baseline -0.002 -22"><span class='ocrx_word' id='word_1_139' title='bbox 91 2386 157 2455; x_wconf 85' lang='lat' dir='ltr'><strong>alia</strong></span> <span class='ocrx_word' id='word_1_140' title='bbox 183 2390 400 2453; x_wconf 87' lang='lat' dir='ltr'><strong>irritamenta</strong></span> <span class='ocrx_word' id='word_1_141' title='bbox 429 2385 530 2476; x_wconf 84' lang='lat' dir='ltr'><strong>gulae</strong></span> <span class='ocrx_word' id='word_1_142' title='bbox 565 2386 785 2476; x_wconf 87' lang='lat' dir='ltr'><strong>quaerebant.</strong></span> <span class='ocrx_word' id='word_1_143' title='bbox 841 2384 948 2453; x_wconf 86' lang='lat' dir='ltr'><strong>Cibus</strong></span> <span class='ocrx_word' id='word_1_144' title='bbox 978 2384 1048 2452; x_wconf 85' lang='lat' dir='ltr'><strong>illis</strong></span> 
     </span>
     <span class='ocr_line' id='line_1_23' title="bbox 92 2491 1046 2584; baseline -0.001 -25"><span class='ocrx_word' id='word_1_145' title='bbox 92 2493 279 2560; x_wconf 86' lang='lat' dir='ltr'><strong>aduersum</strong></span> <span class='ocrx_word' id='word_1_146' title='bbox 313 2494 445 2558; x_wconf 84' lang='lat' dir='ltr'><strong>famam</strong></span> <span class='ocrx_word' id='word_1_147' title='bbox 479 2508 585 2584; x_wconf 83' lang='lat' dir='ltr'><strong>atque</strong></span> <span class='ocrx_word' id='word_1_148' title='bbox 620 2497 740 2572; x_wconf 82' lang='lat' dir='ltr'><strong>sitim,</strong></span> <span class='ocrx_word' id='word_1_149' title='bbox 780 2514 853 2558; x_wconf 90' lang='lat' dir='ltr'><strong>non</strong></span> <span class='ocrx_word' id='word_1_150' title='bbox 884 2491 1046 2572; x_wconf 85' lang='lat' dir='ltr'><strong>lubidini,</strong></span> 
     </span>
     <span class='ocr_line' id='line_1_24' title="bbox 93 2598 497 2690; baseline -0.01 -24"><span class='ocrx_word' id='word_1_151' title='bbox 93 2622 207 2690; x_wconf 86' lang='lat' dir='ltr'><strong>neque</strong></span> <span class='ocrx_word' id='word_1_152' title='bbox 235 2598 387 2665; x_wconf 84' lang='lat' dir='ltr'><strong>luxuriae</strong></span> <span class='ocrx_word' id='word_1_153' title='bbox 414 2613 497 2664; x_wconf 89' lang='lat' dir='ltr'><strong>erat.</strong></span> 
     </span>
    </p>
   </div>
   <div class='ocr_carea' id='block_1_3' title="bbox 363 2728 771 2849">
    <p class='ocr_par' dir='ltr' id='par_1_3' title="bbox 363 2728 771 2849">
     <span class='ocr_line' id='line_1_25' title="bbox 363 2728 771 2849; baseline -0.012 -4"><span class='ocrx_word' id='word_1_154' title='bbox 363 2775 494 2845; x_wconf 69' lang='lat' dir='ltr'><strong>aar.</strong></span> <span class='ocrx_word' id='word_1_155' title='bbox 532 2728 771 2849; x_wconf 70' lang='lat' dir='ltr'><strong>LXrXVr.</strong></span> 
     </span>
    </p>
   </div>
   <div class='ocr_carea' id='block_1_4' title="bbox 91 2912 1052 3750">
    <p class='ocr_par' dir='ltr' id='par_1_4' title="bbox 91 2912 1052 3750">
     <span class='ocr_line' id='line_1_26' title="bbox 159 2912 1050 3007; baseline 0.001 -25"><span class='ocrx_word' id='word_1_156' title='bbox 159 2912 272 3005; x_wconf 70' lang='lat' dir='ltr'><strong>Igitur</strong></span> <span class='ocrx_word' id='word_1_157' title='bbox 286 2913 428 2996; x_wconf 85' lang='lat' dir='ltr'><strong>Consul,</strong></span> <span class='ocrx_word' id='word_1_158' title='bbox 453 2915 615 2982; x_wconf 88' lang='lat' dir='ltr'><strong>omnibus</strong></span> <span class='ocrx_word' id='word_1_159' title='bbox 634 2913 832 3007; x_wconf 86' lang='lat' dir='ltr'><strong>exploratis,</strong></span> <span class='ocrx_word' id='word_1_160' title='bbox 857 2913 974 2996; x_wconf 85' lang='lat' dir='ltr'><strong>crede,</strong></span> <span class='ocrx_word' id='word_1_161' title='bbox 996 2913 1050 2983; x_wconf 78' lang='lat' dir='ltr'><strong>dia</strong></span> 
     </span>
     <span class='ocr_line' id='line_1_27' title="bbox 92 3018 1050 3089; baseline 0.002 -3"><span class='ocrx_word' id='word_1_162' title='bbox 92 3018 219 3087; x_wconf 79' lang='lat' dir='ltr'><strong>fretus:</strong></span> <span class='ocrx_word' id='word_1_163' title='bbox 260 3043 341 3085; x_wconf 89' lang='lat' dir='ltr'><strong>nam</strong></span> <span class='ocrx_word' id='word_1_164' title='bbox 369 3039 489 3089; x_wconf 88' lang='lat' dir='ltr'><strong>contra</strong></span> <span class='ocrx_word' id='word_1_165' title='bbox 513 3038 624 3089; x_wconf 90' lang='lat' dir='ltr'><strong>tantas</strong></span> <span class='ocrx_word' id='word_1_166' title='bbox 652 3021 876 3088; x_wconf 85' lang='lat' dir='ltr'><strong>difficultates</strong></span> <span class='ocrx_word' id='word_1_167' title='bbox 904 3020 1050 3088; x_wconf 89' lang='lat' dir='ltr'><strong>consilio</strong></span> 
     </span>
     <span class='ocr_line' id='line_1_28' title="bbox 92 3126 1051 3219; baseline 0 -26"><span class='ocrx_word' id='word_1_168' title='bbox 92 3134 173 3194; x_wconf 82' lang='lat' dir='ltr'><strong>satis</strong></span> <span class='ocrx_word' id='word_1_169' title='bbox 201 3126 390 3219; x_wconf 88' lang='lat' dir='ltr'><strong>prouidere</strong></span> <span class='ocrx_word' id='word_1_170' title='bbox 410 3152 480 3195; x_wconf 92' lang='lat' dir='ltr'><strong>non</strong></span> <span class='ocrx_word' id='word_1_171' title='bbox 508 3144 661 3218; x_wconf 87' lang='lat' dir='ltr'><strong>poterat:</strong></span> <span class='ocrx_word' id='word_1_172' title='bbox 699 3135 829 3218; x_wconf 87' lang='lat' dir='ltr'><strong>quippe</strong></span> <span class='ocrx_word' id='word_1_173' title='bbox 851 3134 958 3193; x_wconf 88' lang='lat' dir='ltr'><strong>etiam</strong></span> <span class='ocrx_word' id='word_1_174' title='bbox 975 3127 1051 3193; x_wconf 84' lang='lat' dir='ltr'><strong>fru-</strong></span> 
     </span>
     <span class='ocr_line' id='line_1_29' title="bbox 93 3232 1052 3326; baseline 0.003 -30"><span class='ocrx_word' id='word_1_175' title='bbox 93 3239 205 3298; x_wconf 90' lang='lat' dir='ltr'><strong>menti</strong></span> <span class='ocrx_word' id='word_1_176' title='bbox 226 3238 346 3324; x_wconf 82' lang='lat' dir='ltr'><strong>inopia</strong></span> <span class='ocrx_word' id='word_1_177' title='bbox 368 3234 578 3315; x_wconf 84' lang='lat' dir='ltr'><strong>tentabatur,</strong></span> <span class='ocrx_word' id='word_1_178' title='bbox 610 3234 704 3326; x_wconf 85' lang='lat' dir='ltr'><strong>quod</strong></span> <span class='ocrx_word' id='word_1_179' title='bbox 722 3234 899 3301; x_wconf 85' lang='lat' dir='ltr'><strong>Numidae</strong></span> <span class='ocrx_word' id='word_1_180' title='bbox 921 3232 1052 3324; x_wconf 79' lang='lat' dir='ltr'><strong>pabule¹</strong></span> 
     </span>
     <span class='ocr_line' id='line_1_30' title="bbox 93 3338 1051 3431; baseline 0.005 -30"><span class='ocrx_word' id='word_1_181' title='bbox 93 3345 227 3424; x_wconf 90' lang='lat' dir='ltr'><strong>pecoris</strong></span> <span class='ocrx_word' id='word_1_182' title='bbox 258 3346 384 3430; x_wconf 84' lang='lat' dir='ltr'><strong>magis,</strong></span> <span class='ocrx_word' id='word_1_183' title='bbox 423 3365 530 3431; x_wconf 89' lang='lat' dir='ltr'><strong>quam</strong></span> <span class='ocrx_word' id='word_1_184' title='bbox 561 3364 646 3407; x_wconf 89' lang='lat' dir='ltr'><strong>aruo</strong></span> <span class='ocrx_word' id='word_1_185' title='bbox 674 3341 836 3422; x_wconf 83' lang='lat' dir='ltr'><strong>student,</strong></span> <span class='ocrx_word' id='word_1_186' title='bbox 879 3353 917 3405; x_wconf 92' lang='lat' dir='ltr'><strong>et</strong></span> <span class='ocrx_word' id='word_1_187' title='bbox 944 3338 1051 3429; x_wconf 87' lang='lat' dir='ltr'><strong>quod·</strong></span> 
     </span>
     <span class='ocr_line' id='line_1_31' title="bbox 94 3444 1052 3537; baseline 0.004 -31"><span class='ocrx_word' id='word_1_188' title='bbox 94 3464 245 3534; x_wconf 85' lang='lat' dir='ltr'><strong>cumque</strong></span> <span class='ocrx_word' id='word_1_189' title='bbox 271 3461 393 3511; x_wconf 90' lang='lat' dir='ltr'><strong>natum</strong></span> <span class='ocrx_word' id='word_1_190' title='bbox 417 3445 544 3526; x_wconf 85' lang='lat' dir='ltr'><strong>fuerat,</strong></span> <span class='ocrx_word' id='word_1_191' title='bbox 578 3453 674 3514; x_wconf 90' lang='lat' dir='ltr'><strong>iussu</strong></span> <span class='ocrx_word' id='word_1_192' title='bbox 694 3455 784 3537; x_wconf 82' lang='lat' dir='ltr'><strong>regis</strong></span> <span class='ocrx_word' id='word_1_193' title='bbox 808 3452 846 3511; x_wconf 88' lang='lat' dir='ltr'><strong>in</strong></span> <span class='ocrx_word' id='word_1_194' title='bbox 875 3444 952 3511; x_wconf 87' lang='lat' dir='ltr'><strong>loca</strong></span> <span class='ocrx_word' id='word_1_195' title='bbox 977 3468 1052 3511; x_wconf 90' lang='lat' dir='ltr'><strong>mu·</strong></span> 
     </span>
     <span class='ocr_line' id='line_1_32' title="bbox 93 3548 1052 3642; baseline 0.006 -31"><span class='ocrx_word' id='word_1_196' title='bbox 93 3551 166 3612; x_wconf 87' lang='lat' dir='ltr'><strong>nita</strong></span> <span class='ocrx_word' id='word_1_197' title='bbox 193 3548 430 3630; x_wconf 84' lang='lat' dir='ltr'><strong>contulerant,</strong></span> <span class='ocrx_word' id='word_1_198' title='bbox 461 3574 544 3642; x_wconf 83' lang='lat' dir='ltr'><strong>ager</strong></span> <span class='ocrx_word' id='word_1_199' title='bbox 563 3570 683 3620; x_wconf 87' lang='lat' dir='ltr'><strong>autem</strong></span> <span class='ocrx_word' id='word_1_200' title='bbox 710 3552 825 3619; x_wconf 88' lang='lat' dir='ltr'><strong>aridus</strong></span> <span class='ocrx_word' id='word_1_201' title='bbox 844 3566 881 3618; x_wconf 91' lang='lat' dir='ltr'><strong>et</strong></span> <span class='ocrx_word' id='word_1_202' title='bbox 904 3550 1052 3640; x_wconf 81' lang='lat' dir='ltr'><strong>frugum</strong></span> 
     </span>
     <span class='ocr_line' id='line_1_33' title="bbox 91 3666 1051 3750; baseline 0.006 -33"><span class='ocrx_word' id='word_1_203' title='bbox 91 3671 218 3720; x_wconf 78' lang='lat' dir='ltr'><strong>vacuus</strong></span> <span class='ocrx_word' id='word_1_204' title='bbox 245 3676 286 3723; x_wconf 86' lang='lat' dir='ltr'><strong>ea</strong></span> <span class='ocrx_word' id='word_1_205' title='bbox 314 3670 541 3750; x_wconf 77' lang='lat' dir='ltr'><strong>tempestate:</strong></span> <span class='ocrx_word' id='word_1_206' title='bbox 575 3676 658 3731; x_wconf 75' lang='lat' dir='ltr'><strong>nam</strong></span> <span class='ocrx_word' id='word_1_207' title='bbox 684 3666 824 3728; x_wconf 81' lang='lat' dir='ltr'><strong>aestatis</strong></span> <span class='ocrx_word' id='word_1_208' title='bbox 848 3672 1051 3724; x_wconf 81' lang='lat' dir='ltr'><strong>extremum</strong></span> 
     </span>
    </p>
   </div>
   <div class='ocr_carea' id='block_1_5' title="bbox 0 0 1141 3998">
    <p class='ocr_par' dir='ltr' id='par_1_5' title="bbox 0 0 1141 3998">
     <span class='ocr_line' id='line_1_34' title="bbox 0 0 1141 3998; baseline 0 0"><span class='ocrx_word' id='word_1_209' title='bbox 0 0 1141 3998; x_wconf 95' lang='lat' dir='ltr'><strong> </strong></span> 
     </span>
    </p>
   </div>
  </div>
 </body>
</html>
