2258 3998
10 124 13 131 ¹
87 119 360 191 roeonvto
381 104 813 195 snnrunrln'evn
836 146 909 235 ιιι.
943 114 1011 195 355

133 297 165 357 p.
192 274 240 337 60.
272 292 304 338 et
325 277 596 361 delicta'corrigaa
616 312 640 327 ·-
674 277 858 357 Quaenam?
891 300 1008 363 nempe
1049 300 1051 305 ·

53 372 206 443 alibrum,
229 392 268 432 ex
282 376 434 434 sententia
447 377 588 435 omnium
605 375 692 443 intt.;
717 376 749 433 in
768 390 865 455 quem
881 390 1009 439 tensum*

53 470 151 527 etiam
174 472 275 531 versio
295 469 372 551 hisp·
398 470 508 531 habet:
544 466 626 552 y'se
649 471 785 547 corrijan
817 470 863 531 lor
887 474 1008 536 abusor·

54 565 119 624 Sed
141 582 261 626 certum
279 582 324 626 est
342 566 420 626 mihi
442 564 775 648 eorum-intelligenda
797 587 861 626 esse
885 570 1010 630 malefa-

54 676 123 730 cta,
149 665 251 743 quivi
272 678 367 744 atque
390 664 484 723 tristia
499 662 581 721 bella
599 677 762 723 mouentes
780 684 933 723 summam
953 672 1011 746 po'·

56 771 195 816 testatem
213 759 271 818 sibi
287 761 423 840 rapiunt,
448 773 481 818 vt
502 754 543 818 sit
556 778 677 817 sensus.
703 760 735 818 si
748 758 800 816 vel
818 758 953 821 maximo
968 765 1012 822 vi·-

55 854 143 912 ribus
166 856 261 913 animi
279 857 461 938 ingeniique
476 853 577 913 voleat
589 855 629 913 ad
644 855 863 934 imperandum
880 857 1010 955 (possae)

55 966 89 1010 et
110 949 192 1008 male
220 966 310 1030 parta·
335 953 417 1012 bene
443 951 636 1011 administret
655 970 899 1032 compensesque
923 950 1011 1032 quasi

53 1047 249 1106 inuasionem
267 1049 301 1105 in
319 1068 452 1130 regnum
470 1046 638 1108 violentam
649 1046 822 1105 modestia
813 1049 937 1126 unperii
949 1064 1007 1109 etc
1095 1116 1099 1133 Ι

55 1140 99 1199 Vt
119 1141 173 1202 hic
194 1144 286 1202 vnice
307 1164 399 1205 verus
421 1146 458 1202 sit
479 1163 591 1211 sensus,
621 1144 744 1224 cogitur
765 1143 904 1221 primum
918 1133 1008 1213 inde,
1096 1138 1099 1143 ’

54 1238 162 1318 quod,
188 1237 315 1299 historia
339 1240 482 1308 docente,
512 1238 616 1319 plures
636 1239 758 1320 tyranni
779 1237 865 1296 hune
886 1258 1009 1297 morem

55 1335 152 1392 secuti
167 1349 238 1394 sunt
255 1337 340 1394 etita
353 1350 565 1414 comparatum
584 1348 628 1393 est
638 1333 811 1392 humanum
827 1333 1007 1414 ingenium}

56 1428 172 1490 deinde
194 1451 234 1490 ex
257 1451 306 1500 eo,
337 1432 487 1513 quoniam
507 1431 587 1490 haec
608 1429 667 1506 (cf.
695 1424 789 1507 supra
804 1428 887 1487 dicta
910 1431 944 1488 in
962 1452 1010 1489 re·

55 1545 140 1584 cens.
157 1527 195 1584 V.
214 1526 254 1585 H.
267 1528 301 1605 )'
293 1547 327 1584 ιιι
339 1526 504 1585 Caesarem
516 1527 598 1585 dicta
613 1539 685 1584 sunt
698 1526 786 1604 isque
801 1523 914 1605 legitur
926 1516 1018 1606 apud'

56 1623 247 1682 Suetonium
268 1622 360 1682 valde
382 1625 450 1680 miti
473 1623 600 1705 ingenio
629 1623 662 1681 in
689 1619 875 1699 imperando
903 1619 1007 1691 luisse,

57 1717 231 1801 eademque
248 1700 315 1777 laus
337 1720 366 1778 ei
391 1738 410 1777 a
434 1717 589 1778 Cicerone
613 1717 798 1777 tribuitur·-
816 1714 947 1796 Philipp.
968 1718 1007 1777 V.

59 1812 106 1872 18.
133 1836 241 1874 omnes
257 1816 400 1874 Caesar'
392 1816 568 1873 mimicitiis
588 1815 666 1893 reip
696 1812 904 1881 condonauit;
929 1814 1011 1875 hanc

57 1911 116 1969 sibi
138 1913 378 1972 moderatricem
400 1913 543 1973 omnium
568 1912 728 1970 constituit
750 1942 778 1955 -
801 1907 883 1967 nihil
902 1924 947 1968 est
965 1910 1011 1969 illi

56 2027 124 2087 rep.
147 2011 248 2068 carius
262 2044 286 2056 -·
302 2010 342 2069 ab
365 2029 404 2069 eo
426 2008 505 2067 nihil
530 2008 652 2074 timere,
680 2004 736 2063 sed
755 2007 875 2065 maiora
895 2021 927 2065 et
946 2028 1011 2066 me·

56 2101 136 2163 liora
152 2121 315 2184 expectare
328 2105 463 2171 debetis3
493 2101 682 2182 quibuscum
703 2103 856 2159 consentit
870 2102 950 2161 Veli.
965 2104 1008 2162 Π.

56 2197 99 2256 56
114 2233 141 2244 -
167 2220 232 2259 non
256 2200 353 2260 modo
378 2198 523 2258 omnibus
543 2197 675 2277 ignouit,
699 2214 811 2253 verum
835 2197 929 2256 etiam
954 2198 1012 2259 cle·

56 2308 181 2353 menter
196 2296 368 2356 admodum
385 2294 532 2354 omnibus
550 2294 611 2351 auis
623 2292 767 2350 uictoriis
786 2312 855 2351 vaus
874 2308 927 2353 est.

177 2391 227 2450 De
242 2412 306 2472 seq.
323 2391 395 2450 vide
415 2392 465 2449 cit
489 2391 709 2447 recensionem.

54 2512 57 2519 ·
126 2508 168 2568 ·p.
186 2489 234 2548 61.
259 2489 331 2546 mai.
348 2486 550 2548 commodum
562 2506 602 2543 ex
610 2485 674 2544 otio
685 2502 768 2550 meo,
786 2504 816 2564 q.
833 2503 861 2541 e.
879 2483 918 2543 al.
937 2506 1008 2570 neg.

56 2599 236 2645 venturum.
260 2583 340 2643 vell
360 2585 402 2643 'de
422 2584 549 2643 Nerone
565 2582 609 2643 11
624 2600 664 2660 99
684 2581 784 2640 otium
800 2581 866 2639 eius
877 2579 1011 2643 hon'ora'ss

58 2680 119 2739 tius
136 2682 269 2762 imperio
287 2702 354 2742 suo.

138 2798 168 2857 p.
184 2779 231 2837 62.
246 2793 321 2859 post
331 2792 457 2860 magnit
479 2795 563 2836 nom.
581 2795 666 2835 rom.
681 2771 749 2832 Ital
770 2794 877 2853 op.-
840 2732 1008 2835 *adtriti

58 2870 184 2934 coraus
195 2874 284 2957 quod
294 2876 400 2942 miror,
417 2872 620 2953 reprehendit
630 2870 808 2950 Crispinum
820 2882 912 2949 etque
924 2870 1009 2939 alios,
1033 2944 1036 2949 Ι

59 2972 116 3050 qui
136 2973 242 3050 prio'ra
257 2972 450 3051 interpretati
471 2983 558 3028 sunt:
582 2988 647 3026 non
668 2980 834 3027 contentus
853 2968 1013 3025 Romano-

58 3085 134 3123 rum
152 3067 290 3145 glon'am
301 3067 520 3148 proculcasse,·
547 3064 676 3145 vultque
700 3061 878 3144 intelligere
896 3059 1012 3140 simpli·

59 3163 155 3231 citer,
174 3178 346 3245 postquam
358 3163 502 3223 Romani
518 3163 632 3241 magni
646 3161 744 3241 fieti.
786 3159 858 3219 Sed,
869 3158 1012 3237 quamuis

58 3259 94 3316 in
117 3279 155 3318 eo
178 3260 240 3318 iam
269 3258 343 3319 alios
373 3274 558 3340 praeeuntes
585 3258 748 3324 habuerit,
788 3270 894 3312 temen
920 3251 1012 3311 valde

58 3374 79 3412 a
96 3357 246 3413 sententia
261 3355 393 3415 Sallustii
416 3356 580 3416 aberrauit.
636 3354 719 3411 Nem
737 3349 939 3431 neque-locis
962 3348 1013 3407 ad·
1024 3364 1037 3375 ·

58 3451 161 3510 ductis
176 3451 332 3530 probauit,
354 3467 428 3536 post
440 3452 526 3510 hunc
536 3470 660 3510 sensum
678 3449 794 3508 habere
812 3445 947 3526 potae-iu
960 3442 1014 3503 tali

58 3562 222 3616 contextu,
247 3567 352 3630 neque
376 3568 424 3606 res
445 3549 511 3628 ipsa
536 3547 661 3625 patitur.
717 3543 1014 3605 Constat.·nirhirum

56 3644 152 3709 initiis
163 3641 238 3704 belli
252 3645 362 3727 punici
371 3643 514 3714 secundi,
524 3657 694 3724 antequam
704 3641 865 3703 Masinissa
872 3658 918 3701 -οι
926 3639 1013 3701 horte
