2258 3998
227 208 231 217 Ι
307 70 796 177 sannuncurt
871 172 873 177 .
990 115 1029 180 st

80 266 319 346 criminando,
350 263 491 357 plebem
513 273 702 357 exagitere3
733 268 816 343 dein
837 266 1032 358 largiundo,

79 392 185 466 atque
200 371 430 464 pollicitando
447 379 555 463 magis
570 374 758 440 incendere
766 400 778 454 ς
804 382 854 442 itu
869 380 936 464 ipsi
950 374 1035 442 clari

80 497 313 571 potentesque
336 476 423 544 ficri.
474 480 605 544 Contra
624 502 683 544 eos
703 504 839 551 summa
856 503 922 571 ope
944 486 1056 546 nite--

80 583 364 675 baturpleraque
386 581 562 662 nobilitas,
588 584 709 650 Senati
732 593 861 675 specie,
886 610 952 676 pro
974 610 1036 655 sun

81 689 332 781 magnitudine.
403 690 587 777 Namque,
616 697 667 755 vti
694 698 812 781 paucis
846 690 1034 771 absoluam,

81 820 145 888 per
171 794 232 860 illa
257 811 416 884 tempora
442 799 652 884 quicumque
673 795 938 885 Rempublicam
965 804 1036 888 agi·

81 918 222 979 tenere,
251 901 404 994 honestis
432 899 649 978 nominibus,
675 898 751 979 alii,
780 894 888 968 'sicuti
912 902 1036 994 populi

80 1014 159 1073 iura
189 1004 432 1087 defenderent,
462 1027 559 1093 pare,
598 1027 667 1094 quo
699 1007 819 1072 Senati
850 1017 1036 1078 auctoritas

80 1134 244 1177 maxume
256 1112 358 1187 foret,
386 1110 518 1176 bonum
532 1107 712 1199 publicum
730 1109 944 1191 simulantes,
971 1137 1038 1203 pro

80 1238 143 1281 sua
166 1221 312 1306 quisque
333 1222 492 1306 potentie
509 1215 698 1281 certabant.
727 1238 840 1305 neque
853 1217 1035 1299 modestia,

81 1344 198 1413 neque
220 1321 344 1387 modus
370 1326 605 1388 contentionis
630 1338 722 1387 erat:
765 1329 904 1415 utrique
928 1330 1037 1392 victo·

80 1426 173 1496 riam
197 1424 386 1493 crudeliter
411 1424 625 1491 exercebant.

311 1582 346 1597 ”
394 1601 525 1669 ona
564 1581 742 1670 xxia

149 1743 221 1812 Sed
241 1758 425 1834 postquam
446 1741 509 1807 Cn.
536 1740 719 1830 Pompeius
746 1741 944 1823 ad,bellum
966 1766 1039 1812 ma·

82 1856 245 1917 ritimum
259 1864 362 1938 atque
378 1845 659 1912 Mithridaticum
674 1854 813 1927 missus;
830 1848 941 1939 plebis
956 1872 1039 1940 opes

84 1958 293 2021 imminutae
300 1978 310 2031 3
334 1974 527 2042 paucorum
543 1960 701 2041 potentia
726 1961 847 2019 creuit.
897 1957 947 2021 Hi
968 1978 1039 2022 me·

85 2066 262 2150 gistratus,
288 2064 507 2150 prouincias,
519 2055 653 2146 aliaque
669 2065 784 2123 omnia
806 2075 944 2124 tenere:
972 2067 1040 2152 ipsi

84 2170 240 2244 innoxii,
261 2163 437 2242 florentes,
466 2170 540 2227 sine
557 2179 657 2228 metu
669 2177 821 2228 aetatem
841 2186 954 2252 agere,
983 2169 1040 2232 ce-

85 2287 180 2337 teros
197 2258 335 2335 iudiciis
359 2285 507 2347 terrere,
531 2286 600 2358 quo
621 2265 760 2357 plebem
777 2275 813 2331 in
837 2277 1041 2359 magistratu

85 2374 259 2466 placidius
287 2389 483 2440 tractarent.
560 2371 627 2438 Sed
663 2372 719 2440 vbi
746 2379 899 2464 primum
927 2374 1040 2440 dubiis

86 2480 192 2547 rebus
211 2479 381 2547 nouandis
402 2502 480 2569 spes
499 2477 627 2556 obluta,
654 2495 753 2543 vetus
769 2480 946 2544 certamen
966 2487 1040 2547 ani·

86 2608 163 2653 mos
189 2608 313 2651 eorum
338 2591 472 2651 arrexit.
517 2582 626 2670 Quod
648 2589 677 2647 si
693 2591 808 2671 primo
827 2584 958 2676 praelio
977 2587 1040 2654 Ca·

86 2689 187 2759 tilina
202 2695 371 2781 superior,
396 2705 457 2755 aut
471 2712 579 2777 aequa
594 2712 700 2752 manu
715 2688 938 2757 discessisset:
960 2715 1040 2782 pro·

85 2797 181 2863 fecto
210 2819 335 2886 magna
364 2794 476 2861 clades
504 2811 608 2883 atque
642 2793 817 2859 calamitas
848 2796 1040 2887 rempubli-

87 2927 165 2970 cam
196 2907 445 2992 oppressisset3
486 2924 599 2989 neque
635 2898 721 2977 illis,
767 2906 829 2989 qui
858 2907 1041 2968 victorium

87 3006 218 3096 adepti,
245 3006 377 3072 diutius
404 3030 444 3072 ea
468 3009 517 3071 vti
543 3005 708 3082 licuisset,
734 3010 818 3094 quin
842 3005 980 3070 defessis
1005 3022 1040 3069 et

88 3109 335 3200 exsanguibuS,
366 3119 427 3202 qui
458 3110 537 3202 plus
564 3127 700 3201 posset,
728 3118 915 3199 imperinm
936 3125 1040 3196 atque

88 3214 286 3283 libertatem
305 3233 535 3308 extorqueret
584 3221 695 3283 Fuere
713 3233 830 3280 tamen
850 3232 945 3279 extra
965 3236 1044 3277 con·

88 3326 300 3389 iurationem
315 3323 529 3413 complures,
558 3329 618 3411 qui
632 3322 674 3388 ad
690 3318 875 3386 Catilinam
890 3319 1040 3407 profecti

88 3442 182 3493 sunt.
214 3433 251 3493 in
270 3429 322 3497 his
341 3429 382 3493 A,
409 3426 573 3506 Fuluius,
602 3432 768 3491 senatoris
791 3424 906 3502 filius;
934 3446 1040 3512 quern

88 3524 344 3599 retracturum
356 3538 484 3601 itinere
503 3557 625 3624 parens
644 3528 760 3596 necari
779 3537 887 3596 iussit.
927 3528 1040 3593 Isdem

90 3635 306 3729 temporibus
319 3638 449 3727 Romae
465 3637 647 3721 Lentulus,
663 3641 770 3704 sicuti
782 3634 1051 3724 Catiliusprue-
