<?xml version="1.0" encoding="UTF-8"?>
<!DOCTYPE html PUBLIC "-//W3C//DTD XHTML 1.0 Transitional//EN"
    "http://www.w3.org/TR/xhtml1/DTD/xhtml1-transitional.dtd">
<html xmlns="http://www.w3.org/1999/xhtml" xml:lang="en" lang="en">
 <head>
  <title>
</title>
<meta http-equiv="Content-Type" content="text/html;charset=utf-8" />
  <meta name='ocr-system' content='tesseract 3.04.00' />
  <meta name='ocr-capabilities' content='ocr_page ocr_carea ocr_par ocr_line ocrx_word'/>
</head>
<body>
  <div class='ocr_page' id='page_1' title='image "./caivscrispvssal00sallgoog_0134.png"; bbox 0 0 2258 3998; ppageno 0'>
   <div class='ocr_carea' id='block_1_1' title="bbox 332 108 1061 199">
    <p class='ocr_par' dir='ltr' id='par_1_1' title="bbox 332 108 1061 199">
     <span class='ocr_line' id='line_1_1' title="bbox 332 108 1061 199; baseline -0.005 -21"><span class='ocrx_word' id='word_1_1' title='bbox 332 108 829 185; x_wconf 76' lang='lat' dir='ltr'><strong>1vsvrrn1uvn.</strong></span> <span class='ocrx_word' id='word_1_2' title='bbox 997 128 1061 199; x_wconf 55' lang='grc' dir='ltr'><strong>,ιθ</strong></span> 
     </span>
    </p>
   </div>
   <div class='ocr_carea' id='block_1_2' title="bbox 18 256 1114 3101">
    <p class='ocr_par' dir='ltr' id='par_1_2' title="bbox 18 256 1114 3101">
     <span class='ocr_line' id='line_1_2' title="bbox 98 256 1057 359; baseline -0.004 -25"><span class='ocrx_word' id='word_1_3' title='bbox 98 270 269 359; x_wconf 80' lang='lat' dir='ltr'><strong>portendi·</strong></span> <span class='ocrx_word' id='word_1_4' title='bbox 286 256 460 358; x_wconf 75' lang='lat' dir='ltr'><strong>hnusp‘sx</strong></span> <span class='ocrx_word' id='word_1_5' title='bbox 482 264 635 337; x_wconf 78' lang='lat' dir='ltr'><strong>dixerat:</strong></span> <span class='ocrx_word' id='word_1_6' title='bbox 668 266 832 357; x_wconf 80' lang='lat' dir='ltr'><strong><em>proinde,</em></strong></span> <span class='ocrx_word' id='word_1_7' title='bbox 864 271 956 356; x_wconf 75' lang='lat' dir='ltr'><strong>qaino</strong></span> <span class='ocrx_word' id='word_1_8' title='bbox 977 270 1057 331; x_wconf 82' lang='lat' dir='ltr'><strong>uni-</strong></span> 
     </span>
     <span class='ocr_line' id='line_1_3' title="bbox 102 371 1057 463; baseline -0.005 -22"><span class='ocrx_word' id='word_1_9' title='bbox 102 399 161 441; x_wconf 85' lang='lat' dir='ltr'><strong>mo</strong></span> <span class='ocrx_word' id='word_1_10' title='bbox 183 376 352 462; x_wconf 73' lang='lat' dir='ltr'><strong>ogimbat,</strong></span> <span class='ocrx_word' id='word_1_11' title='bbox 367 372 486 463; x_wconf 82' lang='lat' dir='ltr'><strong>fietrts</strong></span> <span class='ocrx_word' id='word_1_12' title='bbox 509 374 564 439; x_wconf 84' lang='lat' dir='ltr'><strong>dis</strong></span> <span class='ocrx_word' id='word_1_13' title='bbox 587 391 722 461; x_wconf 65' lang='lat' dir='ltr'><strong>agoreos</strong></span> <span class='ocrx_word' id='word_1_14' title='bbox 735 371 925 462; x_wconf 79' lang='lat' dir='ltr'><em>sommam</em></span> <span class='ocrx_word' id='word_1_15' title='bbox 948 384 1057 462; x_wconf 84' lang='lat' dir='ltr'><strong>quam</strong></span> 
     </span>
     <span class='ocr_line' id='line_1_4' title="bbox 100 474 1058 570; baseline -0.005 -24"><span class='ocrx_word' id='word_1_16' title='bbox 100 484 308 570; x_wconf 76' lang='lat' dir='ltr'><strong>saepissume</strong></span> <span class='ocrx_word' id='word_1_17' title='bbox 337 481 574 567; x_wconf 71' lang='lat' dir='ltr'><strong>experiretur:</strong></span> <span class='ocrx_word' id='word_1_18' title='bbox 621 496 746 546; x_wconf 84' lang='lat' dir='ltr'><strong>cuncta</strong></span> <span class='ocrx_word' id='word_1_19' title='bbox 768 474 931 567; x_wconf 80' lang='lat' dir='ltr'><strong>prospero</strong></span> <span class='ocrx_word' id='word_1_20' title='bbox 961 500 1058 542; x_wconf 75' lang='lat' dir='ltr'><strong>euers·</strong></span> 
     </span>
     <span class='ocr_line' id='line_1_5' title="bbox 100 580 1058 672; baseline -0.006 -19"><span class='ocrx_word' id='word_1_21' title='bbox 100 605 191 653; x_wconf 75' lang='lat' dir='ltr'><strong>mro.</strong></span> <span class='ocrx_word' id='word_1_22' title='bbox 263 583 313 651; x_wconf 86' lang='lat' dir='ltr'><strong>At</strong></span> <span class='ocrx_word' id='word_1_23' title='bbox 344 581 447 649; x_wconf 91' lang='lat' dir='ltr'><strong>illum</strong></span> <span class='ocrx_word' id='word_1_24' title='bbox 476 587 548 649; x_wconf 86' lang='lat' dir='ltr'><strong>iam</strong></span> <span class='ocrx_word' id='word_1_25' title='bbox 576 598 679 650; x_wconf 85' lang='lat' dir='ltr'><strong>autea</strong></span> <span class='ocrx_word' id='word_1_26' title='bbox 708 580 908 651; x_wconf 85' lang='lat' dir='ltr'><strong>consulatus</strong></span> <span class='ocrx_word' id='word_1_27' title='bbox 935 588 1058 672; x_wconf 77' lang='lat' dir='ltr'><strong>ingens</strong></span> 
     </span>
     <span class='ocr_line' id='line_1_6' title="bbox 98 686 1059 781; baseline -0.008 -20"><span class='ocrx_word' id='word_1_28' title='bbox 98 688 231 781; x_wconf 89' lang='lat' dir='ltr'><strong>cupido</strong></span> <span class='ocrx_word' id='word_1_29' title='bbox 248 687 473 780; x_wconf 56' lang='lat' dir='ltr'><strong>exagitabatr</strong></span> <span class='ocrx_word' id='word_1_30' title='bbox 488 686 532 755; x_wconf 89' lang='lat' dir='ltr'><strong>ad</strong></span> <span class='ocrx_word' id='word_1_31' title='bbox 546 710 653 780; x_wconf 84' lang='lat' dir='ltr'><strong>quem</strong></span> <span class='ocrx_word' id='word_1_32' title='bbox 669 687 895 781; x_wconf 81' lang='lat' dir='ltr'><strong>capiundum,</strong></span> <span class='ocrx_word' id='word_1_33' title='bbox 917 705 1059 779; x_wconf 84' lang='lat' dir='ltr'><strong>praeter</strong></span> 
     </span>
     <span class='ocr_line' id='line_1_7' title="bbox 97 792 1051 873; baseline -0.006 -10"><span class='ocrx_word' id='word_1_34' title='bbox 97 810 311 863; x_wconf 82' lang='lat' dir='ltr'><strong>vetustatem</strong></span> <span class='ocrx_word' id='word_1_35' title='bbox 336 792 504 873; x_wconf 82' lang='lat' dir='ltr'><strong>familiae,</strong></span> <span class='ocrx_word' id='word_1_36' title='bbox 532 793 600 862; x_wconf 87' lang='lat' dir='ltr'><strong>alia</strong></span> <span class='ocrx_word' id='word_1_37' title='bbox 626 797 744 860; x_wconf 88' lang='lat' dir='ltr'><strong>omnia</strong></span> <span class='ocrx_word' id='word_1_38' title='bbox 773 793 909 859; x_wconf 79' lang='lat' dir='ltr'>abunde</span> <span class='ocrx_word' id='word_1_39' title='bbox 937 808 1051 859; x_wconf 71' lang='lat' dir='ltr'><strong>arants</strong></span> 
     </span>
     <span class='ocr_line' id='line_1_8' title="bbox 96 897 1056 991; baseline -0.005 -24"><span class='ocrx_word' id='word_1_40' title='bbox 96 899 283 983; x_wconf 86' lang='lat' dir='ltr'><strong>industria,</strong></span> <span class='ocrx_word' id='word_1_41' title='bbox 302 898 474 991; x_wconf 78' lang='lat' dir='ltr'><strong>probitas,</strong></span> <span class='ocrx_word' id='word_1_42' title='bbox 500 897 647 967; x_wconf 85' lang='lat' dir='ltr'><strong>militiae</strong></span> <span class='ocrx_word' id='word_1_43' title='bbox 666 922 791 989; x_wconf 86' lang='lat' dir='ltr'><strong>magna</strong></span> <span class='ocrx_word' id='word_1_44' title='bbox 806 904 964 976; x_wconf 88' lang='lat' dir='ltr'><strong>scientia,</strong></span> <span class='ocrx_word' id='word_1_45' title='bbox 986 904 1056 965; x_wconf 85' lang='lat' dir='ltr'><strong>sni·</strong></span> 
     </span>
     <span class='ocr_line' id='line_1_9' title="bbox 94 1001 1056 1095; baseline -0.007 -20"><span class='ocrx_word' id='word_1_46' title='bbox 94 1024 176 1075; x_wconf 88' lang='lat' dir='ltr'><strong>mus</strong></span> <span class='ocrx_word' id='word_1_47' title='bbox 203 1002 288 1073; x_wconf 86' lang='lat' dir='ltr'><strong>belli</strong></span> <span class='ocrx_word' id='word_1_48' title='bbox 311 1009 452 1095; x_wconf 82' lang='lat' dir='ltr'><strong>iugens,</strong></span> <span class='ocrx_word' id='word_1_49' title='bbox 481 1002 578 1070; x_wconf 89' lang='lat' dir='ltr'><strong>domi</strong></span> <span class='ocrx_word' id='word_1_50' title='bbox 606 1001 783 1081; x_wconf 88' lang='lat' dir='ltr'><strong>modicus,</strong></span> <span class='ocrx_word' id='word_1_51' title='bbox 821 1001 987 1068; x_wconf 76' lang='lat' dir='ltr'><strong>lubidinis</strong></span> <span class='ocrx_word' id='word_1_52' title='bbox 1019 1016 1056 1068; x_wconf 91' lang='lat' dir='ltr'><strong>et</strong></span> 
     </span>
     <span class='ocr_line' id='line_1_10' title="bbox 93 1105 1049 1197; baseline -0.006 -21"><span class='ocrx_word' id='word_1_53' title='bbox 93 1110 303 1177; x_wconf 85' lang='lat' dir='ltr'><strong>diuitiarum</strong></span> <span class='ocrx_word' id='word_1_54' title='bbox 330 1114 453 1190; x_wconf 88' lang='lat' dir='ltr'><strong>victor,</strong></span> <span class='ocrx_word' id='word_1_55' title='bbox 483 1106 728 1175; x_wconf 85' lang='lat' dir='ltr'><strong>tantummodo</strong></span> <span class='ocrx_word' id='word_1_56' title='bbox 754 1106 885 1197; x_wconf 86' lang='lat' dir='ltr'><strong>gloriae</strong></span> <span class='ocrx_word' id='word_1_57' title='bbox 916 1105 1049 1173; x_wconf 87' lang='lat' dir='ltr'><strong>auidus.</strong></span> 
     </span>
     <span class='ocr_line' id='line_1_11' title="bbox 92 1209 1051 1303; baseline -0.006 -20"><span class='ocrx_word' id='word_1_58' title='bbox 92 1214 165 1283; x_wconf 76' lang='lat' dir='ltr'><strong>sed</strong></span> <span class='ocrx_word' id='word_1_59' title='bbox 189 1220 219 1281; x_wconf 86' lang='lat' dir='ltr'><strong>is</strong></span> <span class='ocrx_word' id='word_1_60' title='bbox 239 1229 341 1281; x_wconf 86' lang='lat' dir='ltr'><strong>natus</strong></span> <span class='ocrx_word' id='word_1_61' title='bbox 362 1231 399 1281; x_wconf 91' lang='lat' dir='ltr'><strong>et</strong></span> <span class='ocrx_word' id='word_1_62' title='bbox 420 1235 562 1281; x_wconf 89' lang='lat' dir='ltr'><strong>omnem</strong></span> <span class='ocrx_word' id='word_1_63' title='bbox 586 1219 777 1303; x_wconf 87' lang='lat' dir='ltr'><strong>pueritiam</strong></span> <span class='ocrx_word' id='word_1_64' title='bbox 802 1213 927 1302; x_wconf 88' lang='lat' dir='ltr'><strong>Arpini</strong></span> <span class='ocrx_word' id='word_1_65' title='bbox 947 1209 1051 1292; x_wconf 90' lang='lat' dir='ltr'><strong>altus,</strong></span> 
     </span>
     <span class='ocr_line' id='line_1_12' title="bbox 92 1316 1053 1410; baseline -0.007 -21"><span class='ocrx_word' id='word_1_66' title='bbox 92 1320 152 1389; x_wconf 83' lang='lat' dir='ltr'><strong>vbi</strong></span> <span class='ocrx_word' id='word_1_67' title='bbox 176 1325 330 1410; x_wconf 89' lang='lat' dir='ltr'><strong>primum</strong></span> <span class='ocrx_word' id='word_1_68' title='bbox 356 1335 450 1386; x_wconf 88' lang='lat' dir='ltr'><strong>aetas</strong></span> <span class='ocrx_word' id='word_1_69' title='bbox 475 1316 622 1387; x_wconf 88' lang='lat' dir='ltr'><strong>militiae</strong></span> <span class='ocrx_word' id='word_1_70' title='bbox 647 1325 780 1409; x_wconf 90' lang='lat' dir='ltr'><strong>patiens</strong></span> <span class='ocrx_word' id='word_1_71' title='bbox 807 1318 892 1398; x_wconf 87' lang='lat' dir='ltr'><strong>fuit,</strong></span> <span class='ocrx_word' id='word_1_72' title='bbox 920 1324 1053 1408; x_wconf 89' lang='lat' dir='ltr'><strong>stipen-</strong></span> 
     </span>
     <span class='ocr_line' id='line_1_13' title="bbox 18 1422 1053 1513; baseline -0.003 -22"><span class='ocrx_word' id='word_1_73' title='bbox 18 1445 21 1449; x_wconf 77' lang='grc'><em>’</em></span> <span class='ocrx_word' id='word_1_74' title='bbox 90 1425 161 1491; x_wconf 82' lang='lat' dir='ltr'><strong>diis</strong></span> <span class='ocrx_word' id='word_1_75' title='bbox 182 1423 365 1504; x_wconf 77' lang='lat' dir='ltr'><strong>faciundis,</strong></span> <span class='ocrx_word' id='word_1_76' title='bbox 392 1446 465 1489; x_wconf 90' lang='lat' dir='ltr'><strong>non</strong></span> <span class='ocrx_word' id='word_1_77' title='bbox 491 1426 627 1492; x_wconf 89' lang='lat' dir='ltr'><strong>Graeca</strong></span> <span class='ocrx_word' id='word_1_78' title='bbox 653 1422 826 1503; x_wconf 82' lang='lat' dir='ltr'><strong>facundia,</strong></span> <span class='ocrx_word' id='word_1_79' title='bbox 856 1446 971 1513; x_wconf 89' lang='lat' dir='ltr'><strong>neque</strong></span> <span class='ocrx_word' id='word_1_80' title='bbox 996 1446 1053 1488; x_wconf 88' lang='lat' dir='ltr'><strong>vr·</strong></span> 
     </span>
     <span class='ocr_line' id='line_1_14' title="bbox 90 1520 1051 1599; baseline -0.006 0"><span class='ocrx_word' id='word_1_81' title='bbox 90 1520 204 1599; x_wconf 76' lang='lat' dir='ltr'><strong>banis.</strong></span> <span class='ocrx_word' id='word_1_82' title='bbox 221 1522 405 1595; x_wconf 81' lang='lat' dir='ltr'><strong>munditiis</strong></span> <span class='ocrx_word' id='word_1_83' title='bbox 439 1552 513 1597; x_wconf 89' lang='lat' dir='ltr'><strong>sese</strong></span> <span class='ocrx_word' id='word_1_84' title='bbox 541 1534 713 1595; x_wconf 84' lang='lat' dir='ltr'><strong>exercuit:</strong></span> <span class='ocrx_word' id='word_1_85' title='bbox 762 1535 811 1593; x_wconf 91' lang='lat' dir='ltr'><strong>ita</strong></span> <span class='ocrx_word' id='word_1_86' title='bbox 842 1534 935 1593; x_wconf 90' lang='lat' dir='ltr'><strong>inter</strong></span> <span class='ocrx_word' id='word_1_87' title='bbox 967 1534 1051 1593; x_wconf 88' lang='lat' dir='ltr'><strong>artis</strong></span> 
     </span>
     <span class='ocr_line' id='line_1_15' title="bbox 29 1631 1052 1724; baseline -0.007 -21"><span class='ocrx_word' id='word_1_88' title='bbox 29 1696 32 1702; x_wconf 93' lang='lat'><em>.</em></span> <span class='ocrx_word' id='word_1_89' title='bbox 90 1635 200 1703; x_wconf 77' lang='lat' dir='ltr'><strong>bonas</strong></span> <span class='ocrx_word' id='word_1_90' title='bbox 224 1639 403 1723; x_wconf 85' lang='lat' dir='ltr'><strong>integrum</strong></span> <span class='ocrx_word' id='word_1_91' title='bbox 427 1638 609 1724; x_wconf 76' lang='lat' dir='ltr'><strong>ingenium</strong></span> <span class='ocrx_word' id='word_1_92' title='bbox 635 1632 736 1700; x_wconf 88' lang='lat' dir='ltr'><strong>breui</strong></span> <span class='ocrx_word' id='word_1_93' title='bbox 752 1631 917 1699; x_wconf 85' lang='lat' dir='ltr'><strong>adoleuit.</strong></span> <span class='ocrx_word' id='word_1_94' title='bbox 958 1632 1052 1722; x_wconf 87' lang='lat' dir='ltr'><strong>Ergo</strong></span> 
     </span>
     <span class='ocr_line' id='line_1_16' title="bbox 89 1735 1051 1835; baseline -0.005 -27"><span class='ocrx_word' id='word_1_95' title='bbox 89 1740 151 1808; x_wconf 80' lang='lat' dir='ltr'><strong>rbi</strong></span> <span class='ocrx_word' id='word_1_96' title='bbox 183 1744 340 1830; x_wconf 84' lang='lat' dir='ltr'><strong>primum</strong></span> <span class='ocrx_word' id='word_1_97' title='bbox 376 1741 596 1835; x_wconf 79' lang='lat' dir='ltr'><strong>tribunatum</strong></span> <span class='ocrx_word' id='word_1_98' title='bbox 630 1737 821 1807; x_wconf 86' lang='lat' dir='ltr'><strong>militarem</strong></span> <span class='ocrx_word' id='word_1_99' title='bbox 857 1761 876 1802; x_wconf 90' lang='lat' dir='ltr'><strong>a</strong></span> <span class='ocrx_word' id='word_1_100' title='bbox 916 1735 1051 1829; x_wconf 92' lang='lat' dir='ltr'><strong>populo</strong></span> 
     </span>
     <span class='ocr_line' id='line_1_17' title="bbox 88 1840 1052 1939; baseline -0.005 -26"><span class='ocrx_word' id='word_1_101' title='bbox 88 1851 193 1939; x_wconf 86' lang='lat' dir='ltr'><strong>petit,</strong></span> <span class='ocrx_word' id='word_1_102' title='bbox 221 1842 394 1936; x_wconf 89' lang='lat' dir='ltr'><strong>plerisque</strong></span> <span class='ocrx_word' id='word_1_103' title='bbox 417 1844 545 1911; x_wconf 88' lang='lat' dir='ltr'><strong>faciem</strong></span> <span class='ocrx_word' id='word_1_104' title='bbox 568 1850 643 1913; x_wconf 85' lang='lat' dir='ltr'><strong>eins</strong></span> <span class='ocrx_word' id='word_1_105' title='bbox 664 1843 922 1936; x_wconf 85' lang='lat' dir='ltr'><strong>ignorantibus,</strong></span> <span class='ocrx_word' id='word_1_106' title='bbox 946 1840 1052 1910; x_wconf 86' lang='lat' dir='ltr'><strong>facile</strong></span> 
     </span>
     <span class='ocr_line' id='line_1_18' title="bbox 89 1948 1049 2040; baseline -0.003 -23"><span class='ocrx_word' id='word_1_107' title='bbox 89 1966 196 2028; x_wconf 79' lang='lat' dir='ltr'><strong>notus</strong></span> <span class='ocrx_word' id='word_1_108' title='bbox 222 1972 286 2040; x_wconf 86' lang='lat' dir='ltr'><strong>per</strong></span> <span class='ocrx_word' id='word_1_109' title='bbox 310 1956 423 2017; x_wconf 87' lang='lat' dir='ltr'><strong>omnis</strong></span> <span class='ocrx_word' id='word_1_110' title='bbox 451 1950 561 2019; x_wconf 91' lang='lat' dir='ltr'><strong>tribus</strong></span> <span class='ocrx_word' id='word_1_111' title='bbox 589 1949 796 2019; x_wconf 81' lang='lat' dir='ltr'><strong>declaratur.</strong></span> <span class='ocrx_word' id='word_1_112' title='bbox 846 1948 984 2016; x_wconf 83' lang='lat' dir='ltr'><strong>Deinde</strong></span> <span class='ocrx_word' id='word_1_113' title='bbox 1006 1948 1049 2015; x_wconf 90' lang='lat' dir='ltr'><strong>ab</strong></span> 
     </span>
     <span class='ocr_line' id='line_1_19' title="bbox 89 2052 1046 2147; baseline -0.005 -24"><span class='ocrx_word' id='word_1_114' title='bbox 89 2078 135 2123; x_wconf 90' lang='lat' dir='ltr'><strong>eo</strong></span> <span class='ocrx_word' id='word_1_115' title='bbox 162 2061 369 2147; x_wconf 82' lang='lat' dir='ltr'><strong>magistratu</strong></span> <span class='ocrx_word' id='word_1_116' title='bbox 402 2052 513 2123; x_wconf 88' lang='lat' dir='ltr'><strong>alium</strong></span> <span class='ocrx_word' id='word_1_117' title='bbox 543 2071 623 2146; x_wconf 92' lang='lat' dir='ltr'><strong>post</strong></span> <span class='ocrx_word' id='word_1_118' title='bbox 654 2054 763 2122; x_wconf 87' lang='lat' dir='ltr'><strong>alium</strong></span> <span class='ocrx_word' id='word_1_119' title='bbox 796 2054 862 2122; x_wconf 91' lang='lat' dir='ltr'><strong>sibi</strong></span> <span class='ocrx_word' id='word_1_120' title='bbox 889 2061 1046 2145; x_wconf 85' lang='lat' dir='ltr'><strong>peperit;</strong></span> 
     </span>
     <span class='ocr_line' id='line_1_20' title="bbox 86 2160 1049 2252; baseline -0.003 -24"><span class='ocrx_word' id='word_1_121' title='bbox 86 2183 297 2252; x_wconf 75' lang='lat' dir='ltr'><strong>semperque</strong></span> <span class='ocrx_word' id='word_1_122' title='bbox 322 2167 360 2226; x_wconf 93' lang='lat' dir='ltr'><strong>in</strong></span> <span class='ocrx_word' id='word_1_123' title='bbox 379 2161 608 2251; x_wconf 86' lang='lat' dir='ltr'><strong>potestatibus</strong></span> <span class='ocrx_word' id='word_1_124' title='bbox 632 2182 675 2227; x_wconf 94' lang='lat' dir='ltr'><strong>eo</strong></span> <span class='ocrx_word' id='word_1_125' title='bbox 692 2160 797 2228; x_wconf 89' lang='lat' dir='ltr'><strong>modo</strong></span> <span class='ocrx_word' id='word_1_126' title='bbox 815 2160 985 2249; x_wconf 81' lang='lat' dir='ltr'><strong>agitabat,</strong></span> <span class='ocrx_word' id='word_1_127' title='bbox 1011 2175 1049 2227; x_wconf 89' lang='lat' dir='ltr'><strong>vt</strong></span> 
     </span>
     <span class='ocr_line' id='line_1_21' title="bbox 86 2264 1050 2358; baseline -0.003 -25"><span class='ocrx_word' id='word_1_128' title='bbox 86 2271 234 2346; x_wconf 67' lang='lat' dir='ltr'><strong>mucre,</strong></span> <span class='ocrx_word' id='word_1_129' title='bbox 259 2290 365 2358; x_wconf 87' lang='lat' dir='ltr'><strong>quam</strong></span> <span class='ocrx_word' id='word_1_130' title='bbox 388 2264 542 2356; x_wconf 86' lang='lat' dir='ltr'><strong>gerebat,</strong></span> <span class='ocrx_word' id='word_1_131' title='bbox 574 2265 700 2356; x_wconf 86' lang='lat' dir='ltr'><strong>dignus</strong></span> <span class='ocrx_word' id='word_1_132' title='bbox 728 2265 924 2333; x_wconf 88' lang='lat' dir='ltr'><strong>haberetur.</strong></span> <span class='ocrx_word' id='word_1_133' title='bbox 977 2265 1050 2330; x_wconf 87' lang='lat' dir='ltr'><strong>Ta·</strong></span> 
     </span>
     <span class='ocr_line' id='line_1_22' title="bbox 86 2370 1114 2461; baseline -0.001 -23"><span class='ocrx_word' id='word_1_134' title='bbox 86 2396 173 2439; x_wconf 89' lang='lat' dir='ltr'><strong>men</strong></span> <span class='ocrx_word' id='word_1_135' title='bbox 205 2378 235 2439; x_wconf 90' lang='lat' dir='ltr'><strong>is</strong></span> <span class='ocrx_word' id='word_1_136' title='bbox 269 2373 313 2440; x_wconf 91' lang='lat' dir='ltr'><strong>ad</strong></span> <span class='ocrx_word' id='word_1_137' title='bbox 351 2371 388 2442; x_wconf 87' lang='lat' dir='ltr'><strong>id</strong></span> <span class='ocrx_word' id='word_1_138' title='bbox 419 2370 580 2441; x_wconf 87' lang='lat' dir='ltr'><strong>locorum</strong></span> <span class='ocrx_word' id='word_1_139' title='bbox 610 2370 686 2441; x_wconf 85' lang='lat' dir='ltr'><strong>talis</strong></span> <span class='ocrx_word' id='word_1_140' title='bbox 717 2378 771 2438; x_wconf 84' lang='lat' dir='ltr'><strong>vir</strong></span> <span class='ocrx_word' id='word_1_141' title='bbox 800 2377 899 2454; x_wconf 86' lang='lat' dir='ltr'><strong>(nam</strong></span> <span class='ocrx_word' id='word_1_142' title='bbox 926 2385 1048 2461; x_wconf 83' lang='lat' dir='ltr'><strong>postea</strong></span> <span class='ocrx_word' id='word_1_143' title='bbox 1109 2392 1114 2405; x_wconf 88' lang='lat'><strong>·</strong></span> 
     </span>
     <span class='ocr_line' id='line_1_23' title="bbox 85 2474 1048 2569; baseline -0.005 -24"><span class='ocrx_word' id='word_1_144' title='bbox 85 2477 282 2546; x_wconf 84' lang='lat' dir='ltr'><strong>ambitione</strong></span> <span class='ocrx_word' id='word_1_145' title='bbox 303 2500 467 2569; x_wconf 87' lang='lat' dir='ltr'><strong>praeceps</strong></span> <span class='ocrx_word' id='word_1_146' title='bbox 488 2477 587 2544; x_wconf 87' lang='lat' dir='ltr'><strong>datus</strong></span> <span class='ocrx_word' id='word_1_147' title='bbox 613 2483 681 2560; x_wconf 88' lang='lat' dir='ltr'><strong>est)</strong></span> <span class='ocrx_word' id='word_1_148' title='bbox 707 2494 827 2568; x_wconf 89' lang='lat' dir='ltr'><strong>petere</strong></span> <span class='ocrx_word' id='word_1_149' title='bbox 850 2499 923 2543; x_wconf 90' lang='lat' dir='ltr'><strong>non</strong></span> <span class='ocrx_word' id='word_1_150' title='bbox 945 2474 1048 2541; x_wconf 87' lang='lat' dir='ltr'><strong>aude-</strong></span> 
     </span>
     <span class='ocr_line' id='line_1_24' title="bbox 25 2580 1046 2674; baseline -0.007 -22"><span class='ocrx_word' id='word_1_151' title='bbox 25 2637 27 2640; x_wconf 45' lang='lat'>&gt;</span> <span class='ocrx_word' id='word_1_152' title='bbox 86 2584 156 2652; x_wconf 85' lang='lat' dir='ltr'><strong>bat.</strong></span> <span class='ocrx_word' id='word_1_153' title='bbox 204 2584 322 2651; x_wconf 81' lang='lat' dir='ltr'><strong>Etiam</strong></span> <span class='ocrx_word' id='word_1_154' title='bbox 345 2600 423 2651; x_wconf 88' lang='lat' dir='ltr'><strong>tum</strong></span> <span class='ocrx_word' id='word_1_155' title='bbox 443 2581 529 2650; x_wconf 90' lang='lat' dir='ltr'><strong>alios</strong></span> <span class='ocrx_word' id='word_1_156' title='bbox 550 2589 770 2674; x_wconf 84' lang='lat' dir='ltr'><strong>magistratus</strong></span> <span class='ocrx_word' id='word_1_157' title='bbox 793 2580 931 2672; x_wconf 88' lang='lat' dir='ltr'><strong>plebes,</strong></span> <span class='ocrx_word' id='word_1_158' title='bbox 961 2603 1046 2647; x_wconf 88' lang='lat' dir='ltr'><strong>con-</strong></span> 
     </span>
     <span class='ocr_line' id='line_1_25' title="bbox 84 2686 1040 2780; baseline -0.005 -23"><span class='ocrx_word' id='word_1_159' title='bbox 84 2688 240 2758; x_wconf 80' lang='lat' dir='ltr'><strong>sulatum</strong></span> <span class='ocrx_word' id='word_1_160' title='bbox 265 2688 428 2757; x_wconf 85' lang='lat' dir='ltr'><strong>nobilitas</strong></span> <span class='ocrx_word' id='word_1_161' title='bbox 455 2696 549 2757; x_wconf 86' lang='lat' dir='ltr'><strong>inter</strong></span> <span class='ocrx_word' id='word_1_162' title='bbox 575 2712 612 2757; x_wconf 88' lang='lat' dir='ltr'><strong>se</strong></span> <span class='ocrx_word' id='word_1_163' title='bbox 638 2711 702 2780; x_wconf 86' lang='lat' dir='ltr'><strong>per</strong></span> <span class='ocrx_word' id='word_1_164' title='bbox 729 2711 853 2755; x_wconf 83' lang='lat' dir='ltr'><strong>manus</strong></span> <span class='ocrx_word' id='word_1_165' title='bbox 872 2686 1040 2753; x_wconf 84' lang='lat' dir='ltr'><strong>tradebat.</strong></span> 
     </span>
     <span class='ocr_line' id='line_1_26' title="bbox 84 2793 1043 2884; baseline -0.006 -21"><span class='ocrx_word' id='word_1_166' title='bbox 84 2797 212 2863; x_wconf 91' lang='lat' dir='ltr'><strong>Nouus</strong></span> <span class='ocrx_word' id='word_1_167' title='bbox 236 2818 341 2863; x_wconf 88' lang='lat' dir='ltr'><strong>nemo</strong></span> <span class='ocrx_word' id='word_1_168' title='bbox 371 2811 444 2861; x_wconf 90' lang='lat' dir='ltr'><strong>tam</strong></span> <span class='ocrx_word' id='word_1_169' title='bbox 471 2793 604 2875; x_wconf 85' lang='lat' dir='ltr'><strong>clarus,</strong></span> <span class='ocrx_word' id='word_1_170' title='bbox 644 2816 759 2884; x_wconf 89' lang='lat' dir='ltr'><strong>neque</strong></span> <span class='ocrx_word' id='word_1_171' title='bbox 796 2810 868 2859; x_wconf 84' lang='lat' dir='ltr'><strong>tarn</strong></span> <span class='ocrx_word' id='word_1_172' title='bbox 896 2797 1043 2883; x_wconf 88' lang='lat' dir='ltr'><strong>egregiis</strong></span> 
     </span>
     <span class='ocr_line' id='line_1_27' title="bbox 74 2898 1043 2992; baseline -0.009 -24"><span class='ocrx_word' id='word_1_173' title='bbox 74 2901 186 2971; x_wconf 83' lang='lat' dir='ltr'><strong>‘factis</strong></span> <span class='ocrx_word' id='word_1_174' title='bbox 204 2916 298 2981; x_wconf 89' lang='lat' dir='ltr'><strong>erat,</strong></span> <span class='ocrx_word' id='word_1_175' title='bbox 326 2906 413 2992; x_wconf 92' lang='lat' dir='ltr'><strong>quin</strong></span> <span class='ocrx_word' id='word_1_176' title='bbox 428 2906 457 2966; x_wconf 88' lang='lat' dir='ltr'><strong>is</strong></span> <span class='ocrx_word' id='word_1_177' title='bbox 472 2900 635 2992; x_wconf 86' lang='lat' dir='ltr'><strong>indignus</strong></span> <span class='ocrx_word' id='word_1_178' title='bbox 653 2898 716 2967; x_wconf 92' lang='lat' dir='ltr'><strong>illo</strong></span> <span class='ocrx_word' id='word_1_179' title='bbox 735 2900 869 2968; x_wconf 87' lang='lat' dir='ltr'><strong>honore</strong></span> <span class='ocrx_word' id='word_1_180' title='bbox 891 2915 927 2967; x_wconf 88' lang='lat' dir='ltr'><strong>et</strong></span> <span class='ocrx_word' id='word_1_181' title='bbox 946 2903 1043 2990; x_wconf 82' lang='lat' dir='ltr'><strong>quasi</strong></span> 
     </span>
     <span class='ocr_line' id='line_1_28' title="bbox 82 3005 460 3101; baseline -0.003 -28"><span class='ocrx_word' id='word_1_182' title='bbox 82 3005 242 3101; x_wconf 84' lang='lat' dir='ltr'><strong>pollutus</strong></span> <span class='ocrx_word' id='word_1_183' title='bbox 265 3006 460 3075; x_wconf 88' lang='lat' dir='ltr'><strong>haberetur.</strong></span> 
     </span>
    </p>
   </div>
   <div class='ocr_carea' id='block_1_3' title="bbox 431 3183 692 3253">
    <p class='ocr_par' dir='ltr' id='par_1_3' title="bbox 431 3183 692 3253">
     <span class='ocr_line' id='line_1_29' title="bbox 431 3183 692 3253; baseline -0.004 -1"><span class='ocrx_word' id='word_1_184' title='bbox 431 3183 558 3252; x_wconf 84' lang='lat' dir='ltr'><em>CAP.</em></span> <span class='ocrx_word' id='word_1_185' title='bbox 600 3185 692 3253; x_wconf 89' lang='lat' dir='ltr'><strong>LX.</strong></span> 
     </span>
    </p>
   </div>
   <div class='ocr_carea' id='block_1_4' title="bbox 80 3317 1040 3737">
    <p class='ocr_par' dir='ltr' id='par_1_4' title="bbox 80 3317 1040 3737">
     <span class='ocr_line' id='line_1_30' title="bbox 152 3317 1040 3417; baseline -0.014 -22"><span class='ocrx_word' id='word_1_186' title='bbox 152 3325 263 3416; x_wconf 83' lang='lat' dir='ltr'><strong>Igitur</strong></span> <span class='ocrx_word' id='word_1_187' title='bbox 299 3325 357 3393; x_wconf 85' lang='lat' dir='ltr'><strong>vbi</strong></span> <span class='ocrx_word' id='word_1_188' title='bbox 390 3325 525 3393; x_wconf 79' lang='lat' dir='ltr'><strong>Marius</strong></span> <span class='ocrx_word' id='word_1_189' title='bbox 560 3324 751 3417; x_wconf 82' lang='lat' dir='ltr'><strong>haruspicis</strong></span> <span class='ocrx_word' id='word_1_190' title='bbox 786 3323 879 3389; x_wconf 91' lang='lat' dir='ltr'><strong>dicta</strong></span> <span class='ocrx_word' id='word_1_191' title='bbox 916 3317 1040 3386; x_wconf 86' lang='lat' dir='ltr'><strong>eodem</strong></span> 
     </span>
     <span class='ocr_line' id='line_1_31' title="bbox 81 3424 1036 3524; baseline -0.01 -25"><span class='ocrx_word' id='word_1_192' title='bbox 81 3429 268 3503; x_wconf 85' lang='lat' dir='ltr'><strong>intendero</strong></span> <span class='ocrx_word' id='word_1_193' title='bbox 295 3430 402 3510; x_wconf 87' lang='lat' dir='ltr'><strong>videt,</strong></span> <span class='ocrx_word' id='word_1_194' title='bbox 434 3452 505 3521; x_wconf 87' lang='lat' dir='ltr'><strong>quo</strong></span> <span class='ocrx_word' id='word_1_195' title='bbox 530 3431 658 3524; x_wconf 88' lang='lat' dir='ltr'><strong>cupido</strong></span> <span class='ocrx_word' id='word_1_196' title='bbox 685 3434 792 3496; x_wconf 87' lang='lat' dir='ltr'><strong>animi</strong></span> <span class='ocrx_word' id='word_1_197' title='bbox 814 3424 1036 3501; x_wconf 78' lang='lat' dir='ltr'><strong>hortabatur3</strong></span> 
     </span>
     <span class='ocr_line' id='line_1_32' title="bbox 80 3534 1038 3627; baseline -0.011 -23"><span class='ocrx_word' id='word_1_198' title='bbox 80 3536 126 3604; x_wconf 87' lang='lat' dir='ltr'><strong>ab</strong></span> <span class='ocrx_word' id='word_1_199' title='bbox 146 3534 294 3602; x_wconf 89' lang='lat' dir='ltr'><strong>Metello</strong></span> <span class='ocrx_word' id='word_1_200' title='bbox 312 3535 461 3627; x_wconf 86' lang='lat' dir='ltr'><strong>petundi</strong></span> <span class='ocrx_word' id='word_1_201' title='bbox 481 3541 591 3627; x_wconf 81' lang='lat' dir='ltr'><strong>gratia</strong></span> <span class='ocrx_word' id='word_1_202' title='bbox 610 3541 812 3605; x_wconf 88' lang='lat' dir='ltr'><strong>missionem</strong></span> <span class='ocrx_word' id='word_1_203' title='bbox 835 3546 953 3623; x_wconf 85' lang='lat' dir='ltr'><strong>rogat3</strong></span> <span class='ocrx_word' id='word_1_204' title='bbox 980 3536 1038 3597; x_wconf 90' lang='lat' dir='ltr'><strong>cui</strong></span> 
     </span>
     <span class='ocr_line' id='line_1_33' title="bbox 80 3635 1038 3737; baseline -0.011 -25"><span class='ocrx_word' id='word_1_205' title='bbox 80 3663 296 3735; x_wconf 61' lang='lat' dir='ltr'><strong>quamquam</strong></span> <span class='ocrx_word' id='word_1_206' title='bbox 313 3648 436 3724; x_wconf 82' lang='lat' dir='ltr'><strong>virtus,</strong></span> <span class='ocrx_word' id='word_1_207' title='bbox 459 3641 571 3735; x_wconf 89' lang='lat' dir='ltr'><strong>gloria</strong></span> <span class='ocrx_word' id='word_1_208' title='bbox 590 3658 694 3737; x_wconf 83' lang='lat' dir='ltr'><strong>atque</strong></span> <span class='ocrx_word' id='word_1_209' title='bbox 714 3638 781 3708; x_wconf 85' lang='lat' dir='ltr'><strong>alia</strong></span> <span class='ocrx_word' id='word_1_210' title='bbox 805 3637 964 3733; x_wconf 85' lang='lat' dir='ltr'><strong>optanda.</strong></span> <span class='ocrx_word' id='word_1_211' title='bbox 977 3635 1038 3703; x_wconf 89' lang='lat' dir='ltr'><strong>bo-</strong></span> 
     </span>
    </p>
   </div>
   <div class='ocr_carea' id='block_1_5' title="bbox 0 0 1134 3998">
    <p class='ocr_par' dir='ltr' id='par_1_5' title="bbox 0 0 1134 3998">
     <span class='ocr_line' id='line_1_34' title="bbox 0 0 1134 3998; baseline 0 6"><span class='ocrx_word' id='word_1_212' title='bbox 0 0 1134 3998; x_wconf 95' lang='lat' dir='ltr'><strong> </strong></span> 
     </span>
    </p>
   </div>
  </div>
 </body>
</html>
