2258 3998
376 140 379 145 ·
459 116 813 188 BELLVM.

510 366 641 431 CAP.
684 365 717 429 J.

136 474 303 612 Bellum
317 534 511 620 scripturus
526 550 617 608 sum,
640 526 733 618 quod
749 520 900 619 populus
915 528 1092 594 Romanus

135 659 217 700 cum
235 635 415 724 Iugurtha,
440 656 523 725 rege
536 632 772 700 Numidarum
786 640 907 724 gessit:
935 640 1093 723 primum

135 747 216 831 quia
245 763 411 830 magnum
437 757 474 805 et
500 755 609 819 atrox,
637 734 800 834 variaque
827 745 973 835 victoria
993 739 1090 815 ·fuit;

134 844 216 911 dein
240 851 321 935 quia
338 862 415 912 tum
435 852 593 936 primum
614 844 798 935 superbiae
823 842 1016 911 nobilitatis
1038 844 1093 910 ob

133 956 227 1018 'viam
247 957 339 1016 itum
357 968 419 1017 est.
455 974 544 1042 quae
558 958 737 1016 contentio
753 951 872 1016 diuina
886 967 923 1016 et
940 950 1094 1015 humana

136 1072 262 1121 cuncta
275 1064 494 1147 permiscuit,
519 1081 631 1148 eoque
644 1056 828 1125 vecordiae
839 1063 1021 1146 processit,
1040 1064 1093 1122 vti

134 1161 260 1228 studiis
295 1161 459 1230 ciuilibus
494 1162 628 1229 bellum
664 1179 768 1253 atque
801 1167 940 1228 vastitas
971 1158 1093 1227 Italiae

134 1264 243 1330 finem
261 1266 400 1334 faceret.
452 1269 520 1335 Sed
540 1277 744 1361 priusquam
771 1267 1014 1333 huiuscemodi
1039 1273 1092 1331 rei

134 1378 293 1437 initium·
307 1374 469 1465 expedio,
496 1398 607 1465 pauca
627 1398 732 1465 supra
749 1390 930 1463 repetam,
959 1396 1028 1462 quo
1046 1371 1091 1436 ad

134 1480 417 1566 cognoscendum
445 1487 563 1545 omnia
584 1478 734 1545 illustria
754 1486 884 1570 magis,
912 1483 1092 1568 magisque

135 1591 173 1648 in
191 1601 314 1674 aperto
335 1592 414 1649 sint.
463 1583 562 1651 Bello
584 1587 715 1650 Punico
737 1570 902 1663 secundo,
932 1607 1003 1674 quo
1023 1583 1092 1648 dux

136 1689 479 1778 Carthaginiensium
493 1689 684 1770 Hannibal,
713 1707 793 1781 post
811 1688 1092 1780 magnitudinem

135 1800 289 1859 nominis
314 1796 476 1878 Romani,
505 1796 624 1862 ltaliae
646 1821 728 1887 opes
754 1818 915 1861 maxume
937 1793 1091 1859 adtriue·

134 1916 207 1975 rat3
238 1900 420 1966 Masinissa
441 1928 500 1969 rex
519 1903 772 1982 Numidarum,
800 1908 836 1966 in
857 1906 1011 1966 amicitia
1037 1921 1093 1963 re-

135 2021 257 2094 ceptus
279 2030 299 2070 a
314 2008 349 2070 P.
373 2008 548 2099 Scipione,
579 2016 636 2074 cui
653 2024 773 2100 postea
787 2007 953 2072 Ahicauo
967 2026 1091 2094 cogno·

125 2134 218 2199 ‚men
237 2134 276 2175 ex
294 2119 424 2179 virtute
440 2115 523 2196 fuit,
553 2114 665 2181 multa
686 2131 722 2180 et
734 2111 908 2204 praeclara
929 2118 980 2176 rei
996 2107 1089 2175 mili·

135 2222 220 2280 taris
246 2217 400 2285 facinora
423 2220 569 2287 fecerat:
613 2222 658 2289 ob
683 2245 783 2311 quae,
817 2224 918 2286 victis
939 2216 1090 2282 'Cartha-

135 2323 349 2420 giniensibus
376 2342 413 2390 et
437 2343 539 2416 capto
567 2329 741 2418 Syphace,
783 2331 882 2391 cuius
909 2331 947 2388 in
971 2321 1090 2387 Africa

136 2452 303 2518 magnum
330 2448 435 2521 atque
461 2430 529 2498 late
557 2439 747 2522 imperium
771 2428 896 2510 valuit,
935 2424 1089 2519 populus

135 2535 312 2600 Romanus
336 2560 573 2630 quascumque
597 2537 688 2604 vrbis
717 2553 753 2602 et
780 2559 878 2628 agros
904 2557 1010 2600 manu
1038 2555 1090 2598 ce

134 2655 247 2728 perat,
279 2648 352 2730 regi
380 2642 473 2707 dono
496 2644 602 2710 dedit.
664 2646 777 2732 Igitur
800 2645 954 2707 amicitia
979 2638 1089 2703 Masi-

136 2749 247 2808 nissae
263 2744 355 2812 .b0na
373 2764 477 2839 atque
500 2751 643 2816 honesta
663 2749 761 2814 nobis
783 2751 983 2840 permansit.
1021 2750 1088 2808 im-

134 2855 224 2938 perii
239 2856 396 2942 vitaeque
412 2861 486 2920 eius
501 2854 580 2922 finis
595 2856 689 2921 idem
705 2854 782 2921 fuit.
832 2854 924 2918 Dein
938 2850 1090 2939 Micipsa

135 2951 229 3018 filius
244 2958 391 3045 r'egnum
405 2958 497 3025 solus
514 2962 678 3040 obtinuit,
708 2956 942 3025 Mastanabale
956 2971 993 3021 et
1011 2957 1088 3022 Gu-

136 3057 226 3124 lussa
252 3060 414 3130 fratribus
434 3067 554 3133 morbe
575 3067 751 3133 absumtis.
801 3067 832 3131 Is
852 3058 1088 3130 Adherbalem

136 3181 171 3229 et
195 3165 436 3257 Hiempsalem
459 3197 499 3238 ex
526 3196 599 3239 sese
623 3179 744 3263 genuit
758 3198 768 3251 ;
798 3168 1086 3260 Iugurthamque,

133 3270 377 3342 Mastanabalis
391 3276 506 3344 fratris
521 3279 646 3359 filium,
664 3302 770 3371 quem
783 3277 977 3354 Masinissa,
993 3269 1088 3362 quod

135 3394 232 3473 ortus
260 3403 301 3445 ex
324 3383 517 3448 concubina
543 3400 635 3464 erat,
678 3390 857 3473 priuatum
883 3378 1085 3472 reliquerat,

134 3482 259 3550 eodem
287 3485 397 3568 cultu,
427 3512 496 3581 quo
515 3487 752 3571 liberes'suos,
779 3487 875 3555 domi
892 3484 1023 3555 habuit.
