2258 3998
270 134 273 140 ,
346 110 844 197 inavarus-nvn.
1006 114 1078 211 ,sss

112 270 305 339 'Praeterea
317 274 415 358 *regis
433 262 771 363 Bocchi'proxumos
797 278 932 363 magnis
951 293 1078 341 muno·

118 376 235 455 ribus,
276 390 312 456 st
339 374 529 442 maioribus
546 382 748 465 'promissis
770 375 814 445 ad
838 377 996 449 studium
1021 381 1077 449 tui

119 480 293 572 perducit.
325 486 403 571 quis
421 479 639 549 adiutoribus
657 506 778 574 regem
799 484 990 576 adgressus,
1010 489 1078 551 im·

118 585 225 678 pellit
232 635 242 667 ,
268 591 319 653 vti
339 585 528 653 aduersum
547 586 724 658 Romanos
742 587 875 657 beilum
896 595 1072 680 suscipiat.

119 690 160 757 ld
185 715 225 757 ea
241 699 352 782 gratia
374 689 510 758 facilius
536 700 752 786 proniusque
772 693 852 774 fuit,
882 694 977 786 quod
997 695 1078 760 Boc·

119 799 207 866 chus
232 803 336 863 initio
360 788 507 865 huiusce
532 794 616 865 balli
641 797 771 888 legatos
796 798 946 865 Romam
974 806 1078 866 mise-

118 919 188 983 rat,
219 902 342 970 foedus
366 903 403 969 ot
431 909 625 971 amicitiam
651 912 815 997 petitum.
862 927 970 997 quam
994 924 1078 972 rem

120 1014 468 1102 opportunissumam
482 1016 626 1100 incepto
644 1006 737 1077 bello
758 1016 862 1101 pauci
882 1009 1078 1101 impediue-
1119 994 1125 1010 ¹

118 1131 213 1195 rant,
242 1121 337 1182 caeci
360 1121 525 1196 auaritia,
555 1121 632 1207 quis
657 1123 774 1183 omnia
799 1117 946 1183 honesta
971 1131 1078 1205 atquo

117 1222 307 1290 inhonesta
331 1219 481 1286 vendere
507 1245 584 1289 mos
609 1237 692 1288 erat.
751 1222 869 1290 Etiam
894 1237 997 1289 antea
1020 1221 1078 1286 Iu·

116 1305 269 1418 ¹gurtluro
297 1322 369 1391 filia
393 1325 523 1392 Bocchi
552 1343 728 1418 nupserat.
782 1329 918 1395 Verum
948 1349 990 1399 ea
1016 1348 1103 1393 uer

116 1432 296 1502 sessitudo
327 1428 420 1522 apud
449 1431 621 1499 Numidas
649 1419 862 1523 Maurosque
891 1429 980 1499 lauis
1009 1430 1077 1498 du·

118 1543 229 1606 citur:
265 1535 358 1627 quod
378 1534 521 1626 singuli,
550 1560 616 1627 pro
635 1536 760 1628 opibus
785 1544 943 1628 quisque,
962 1560 1076 1627 quam

71 1632 74 1636 ’
117 1643 287 1737 plurimas
309 1664 442 1722 uxores,
472 1641 577 1709 denas
601 1641 674 1724 aiii,
700 1641 761 1710 alii
784 1641 901 1735 plures
927 1641 1073 1721 habent3

68 1802 72 1807 .
116 1749 183 1817 sed
202 1770 360 1838 rogasso
383 1746 544 1839 amplius.
607 1751 661 1816 Ita
683 1755 821 1817 animus
845 1747 1076 1817 multitudine

118 1855 324 1922 distrahitur
336 1879 346 1932 ;
383 1852 480 1920 nulla
511 1877 578 1946 pro
612 1860 709 1923 socia
744 1856 901 1923 obtinet:
942 1860 1076 1947 pariter

118 1983 241 2029 omnes
269 1959 356 2030 viles
377 1976 470 2028 sunt,

339 2227 342 2230 .
397 2136 529 2205 οΑΡ.
576 2136 800 2206 LXXVII.

174 2277 298 2371 ,Igitur
317 2280 355 2342 in
375 2273 494 2344 looum
519 2276 686 2345 ambobus
711 2276 883 2368 placitum
904 2281 1074 2345 exercitus

119 2371 348 2452 conueniunt.
376 2381 439 2463 ibi,
464 2381 534 2450 fide
560 2382 639 2449 data
664 2400 700 2450 et
724 2399 879 2475 accepta,
906 2381 1075 2472 Iugurtha

118 2490 248 2559 Bocchi
268 2494 427 2556 animum
440 2496 599 2556 orations
619 2476 796 2557 incendit:
829 2492 1005 2557 Romanos
1024 2491 1074 2555 m

121 2603 242 2677 iussos,
279 2595 458 2686 profunda
485 2599 640 2661 auaritia
647 2642 658 2677 ,
682 2600 890 2665 sommariis
918 2597 1075 2660 omnium

120 2703 228 2770 boscis
257 2724 326 2767 esse
338 2726 351 2778 ,·
398 2702 553 2766 eamdem
587 2703 666 2767 iilos
697 2725 854 2768 caussam
884 2702 965 2765 belli
995 2722 1075 2767 cum

92 2857 94 2861 -
120 2808 257 2875 Boccho
285 2808 418 2885 habere,
454 2829 563 2897 quam
584 2829 697 2872 secum
724 2827 759 2873 ec
784 2831 862 2872 cum
887 2809 969 2888 aliis
995 2827 1076 2892 gem

78 2948 87 2962 ·
120 2915 224 2992 tibus,
256 2913 445 2977 lubidinem
466 2913 708 3001 imperitandi:
730 2916 809 3004 quis
830 2915 950 2977 omniu
968 2928 1074 2997 regna

121 3020 271 3085 aduorso
297 3021 391 3082 sint:
430 3035 504 3084 cum
525 3040 609 3097 sese,
638 3020 760 3107 paullo
785 3037 866 3083 ante
892 3016 1074 3100 Cartbagi-

122 3129 272 3203 nienses,
311 3127 391 3187 item
416 3146 527 3213 regem
552 3124 696 3202 Persen,
730 3144 818 3213 post,
850 3127 906 3188 vti
930 3123 1075 3213 quisque

121 3232 409 3320 opulentissumus
444 3228 623 3309 videatur,
672 3232 723 3293 ica
751 3229 921 3297 Romanis
947 3227 1075 3293 hostem

96 3336 203 3429 2sore.
252 3333 452 3424 His'atque
481 3331 557 3399 aliis
584 3331 712 3401 talibus
739 3333 841 3399 dictis
871 3330 914 3396 ad
941 3329 1076 3398 Cirtam

122 3437 295 3532 oppidum
320 3445 390 3507 iter
411 3444 636 3540 xconstituunt
643 3464 653 3519 3
699 3437 792 3529 quod
826 3437 876 3506 ibi
908 3433 1074 3506 Metellus

99 3544 287 3638 ‘praedam
307 3535 535 3638 captiuosque
551 3561 588 3612 et
607 3545 860 3635 impedimenta
884 3540 1069 3610 locauerat.

100 3732 105 3743 .
121 3651 175 3721 ita
186 3648 355 3741 iugurtha
370 3667 478 3731 ratus,
503 3667 575 3733 aut,
605 3666 706 3744 capta
726 3649 822 3747 urbo,
852 3672 979 3743 operae
995 3671 1076 3741 pra·
