2258 3998
313 118 825 192 CATILINARIA.
1006 116 1051 185 55

92 284 211 345 aciem
237 277 408 345 subducit.
458 276 497 343 C.
525 276 701 347 Manlium
728 285 766 345 in
783 278 935 356 dextera,
966 276 1050 343 Fae·

92 381 258 451 sulatum
272 383 459 474 quemdam
472 389 511 450 in
526 389 666 450 sinistra
678 400 779 475 parte
797 407 919 450 curare
933 382 1047 459 iubet-;

93 496 172 580 ipse
187 512 273 557 cunr
288 489 421 557 libertis
443 505 480 555 et
500 487 632 556 colonis
649 506 796 581 propter
812 487 978 578 Aquilam
995 485 1050 553 ad-

93 600 204 674 sistit,
225 619 331 686 quam
345 593 438 663 bello
452 595 628 663 Cimbrico
642 597 680 663 C.
698 596 832 660 Marius
845 600 883 659 in
895 598 1050 659 exercitu

88 700 256 767 habuisse
281 701 470 768 dicebatur.
521 700 571 765 At
585 724 626 767 ex
642 699 750 767 altera
763 714 863 789 parte
882 697 921 765 C.
944 698 1050 765 Anto

86 812 188 885 nius,
218 805 366 896 pedibus
387 829 500 895 aeger,
530 804 624 897 quod
640 804 772 895 praelio
789 803 907 897 adesse
925 807 1048 892 nequi-

93 909 172 990 bat,
197 912 247 976 M.
267 913 404 977 Petreio
420 910 534 1000 legato
548 917 740 977 exercitum
757 914 944 999 permittit.
984 903 1050 973 Ille

89 1017 248 1083 cohortis
260 1032 449 1096 veteranas,
477 1040 561 1106 quas
578 1013 723 1083 tumulti
739 1038 858 1081 caussa
879 1010 1049 1102 consdrip

91 1137 199 1199 serat,
225 1122 410 1202 infronte3
439 1131 519 1211 post¹
541 1145 596 1201 eas
617 1138 775 1189 ceterum
793 1126 985 1187 exercitum
1010 1123 1049 1181 in

90 1224 254 1292 subsidiis
276 1223 378 1292 locat.
449 1229 529 1316 Ipse
554 1249 646 1316 equo
672 1231 898 1303 circumiens,
928 1246 1048 1291 vnum·

91 1310 270 1421 quemque
284 1338 469 1399 nominans
483 1331 647 1421 adpellat,
671 1331 845 1409 hortatur,
865 1344 977 1418 rogat,
997 1332 1048 1394 vti

89 1441 334 1514 meminerint,
361 1460 397 1503 se
411 1452 534 1503 contra
548 1434 697 1501 latrones
711 1442 877 1513 inermos,
908 1456 973 1522 pro
987 1455 1048 1522 pa·

88 1547 178 1619 tria,
204 1564 271 1633 pro
295 1539 433 1620 liberis,¹
463 1565 530 1632 pro
553 1544 619 1607 aris
644 1557 749 1630 atque
773 1539 859 1606 focis
885 1542 954 1605 suis
980 1558 1049 1603 cer·

89 1668 188 1711 nere.
236 1646 354 1713 Homo
374 1644 552 1725 militaris,
582 1645 676 1735 quod
697 1643 847 1734 amplius
860 1665 969 1710 annos
985 1648 1048 1706 tri-

87 1750 389 1841 gintatribunus,
415 1768 479 1819 aut
497 1751 705 1842 praefectus,
732 1767 793 1817 aut
814 1749 960 1839 legatus,
987 1761 1050 1811 aut

89 1873 236 1947 praetor
249 1880 331 1922 cum
345 1881 470 1947 magna
484 1856 594 1946 gloria
604 1857 734 1935 fuerat,
754 1855 940 1947 plerosque
955 1859 1048 1942 ipsos

90 1963 253 2051 factaque
268 1984 389 2027 eorum
407 1962 511 2029 fortia
528 1981 691 2032 nouerat:
716 1987 756 2030 ea
770 1968 1048 2029 commemoran-

90 2067 141 2133 do
158 2065 314 2134 militum
329 2073 465 2134 animos
486 2068 706 2135 accendebat.

415 2173 491 2241 CA
505 2174 547 2238 P.
591 2174 713 2242 LVI.

160 2279 231 2345 Sed
247 2277 317 2357 vbi,
342 2277 445 2344 rebus
472 2277 634 2344 omnihus
660 2276 863 2368 exploratis,
890 2277 1048 2342 Petreius

93 2384 179 2450 tuba
206 2390 346 2473 signum
373 2384 457 2463 dat3
495 2385 648 2449 cohortis
676 2383 861 2474 paullatim
885 2381 1049 2447 incedere

33 2530 36 2535 -
93 2491 202 2557 iubet.
231 2489 326 2555 idem
350 2489 435 2556 facit
457 2490 612 2556 hostium
634 2497 812 2556 exercitus.
861 2489 1050 2576 Postquam

93 2618 138 2662 eo
152 2611 310 2674 ventum,
334 2595 423 2662 vnde
440 2619 460 2660 a
478 2597 671 2661 ferentariis
686 2593 857 2685 praelium
873 2597 1048 2659 committi

92 2716 223 2792 posset,
243 2723 405 2767 maxumo
419 2699 582 2781 clamore,
599 2725 680 2766 cum
696 2701 828 2765 infestis
844 2706 949 2788 signis
964 2721 1047 2764 con·

92 2820 259 2885 currunt3
287 2804 360 2895 pila
373 2812 560 2884 omittunt,
584 2804 706 2896 gladiis
723 2829 776 2871 res
798 2813 940 2895 geritur.
974 2806 1046 2872 Ve-

92 2918 226 2992 terani,
257 2917 423 3002 pristinae
451 2918 589 2977 virtutis
616 2935 809 2990 memores,
849 2915 1046 2977 comminus

92 3023 224 3084 acriter
246 3023 376 3083 instare
384 3044 392 3096 ;
423 3016 475 3083 illi
499 3017 592 3083 haud
621 3017 736 3082 timidi
762 3023 938 3084 resistunt.
974 3035 1048 3079 ma-

94 3146 197 3187 xuma
219 3128 253 3190 vi
272 3139 435 3188 certatur.
485 3125 623 3189 Interea
641 3121 791 3189 Catilina
812 3146 894 3187 cum
913 3116 1047 3207 expedi·

92 3232 137 3293 tis
162 3234 201 3293 in
221 3235 336 3317 prima
351 3235 426 3294 acie
441 3235 584 3308 versari,
612 3225 847 3294 laborantibus
866 3245 1053 3289 succurre·-

92 3356 142 3412 rc,
170 3339 322 3422 integros
343 3356 408 3423 pro
426 3340 550 3400 sauciis
569 3357 753 3399 arcessere:
785 3337 900 3398 omnia
926 3333 1046 3418 proui-

92 3437 194 3504 dere:
230 3436 384 3504 multum
401 3446 476 3529 ipse
490 3463 657 3530 pugnare,
687 3461 789 3528 saepe
812 3438 948 3501 hostem
969 3435 1047 3499 feri·

91 3566 142 3609 re.
174 3551 308 3611 strenui
333 3544 471 3625 militis,
510 3561 546 3612 et
573 3545 657 3611 honi
685 3546 906 3634 imperatoris
932 3537 1050 3607 officia

92 3648 199 3717 simul
225 3650 482 3742 exsequebatur.
533 3650 706 3733 Petreius,
735 3649 794 3722 vbi
812 3647 910 3722 ridet
925 3642 1050 3713 Catili-
