2258 3998
125 127 172 206 ut
388 118 808 187 coulvnsclo

127 277 235 340 dabat
249 299 397 364 operam,
427 282 483 341 vti
493 282 531 340 ιἰι
547 279 811 367 proscriptorum
825 298 966 340 numero
979 292 1071 340 esset.

127 384 185 447 Ita
206 384 330 471 quibus
340 385 554 472 Damasippi
570 405 659 445 mors
680 383 831 445 laetitiae
840 379 975 469 suerat,
1000 398 1080 469 post

123 490 245 577 paullo
270 491 337 575 ipsi
356 507 409 551 tra
411 490 597 552 leiebantur
628 494 739 577 neque
754 490 854 574 prius
863 478 991 573 finis
977 509 1078 571 iugu-

129 595 231 658 landi
230 592 329 682 fuit,
352 616 459 681 quam
474 595 574 656 Sulla
590 616 706 657 omues
718 615 797 656 suos
814 592 949 659 diuitiis
938 592 1078 711 euple·

128 703 189 763 uit.
239 698 356 787 Atque
374 720 435 782 ego
460 699 544 762 baec
569 722 639 761 non
666 702 703 760 ιἰι
721 699 773 760 Μ.
802 670 948 776 Tullio,
967 717 1080 784 neque

130 806 184 868 liis
212 803 413 891 temporibus
439 826 565 866 uereor.
620 804 727 867 Sed
713 826 751 864 ιιι
783 820 912 887 magma
939 805 1080 865 ciuitate

129 912 239 973 multa
260 926 294 970 et
307 911 411 970 varia
433 911 574 994 ingenia
592 925 680 971 suut.
730 908 848 971 Potest
862 909 934 971 alio
953 921 1079 994 tempo·

131 1039 180 1092 re,
209 1015 280 1076 alio
297 1012 456 1091 Corisule,
485 1018 543 1077 eui
561 1018 642 1076 item
652 1005 820 1076 exercitus
842 1016 880 1074 in
897 1035 1004 1075 mauu
1020 1015 1076 1090 sit,

119 1119 258 1209 falsum
287 1117 427 1206 aliquid
452 1141 624 1206 procero
651 1119 750 1182 credi.
792 1120 853 1180 vbi
878 1117 941 1180 lzoc
965 1139 1079 1181 exem·

125 1227 197 1313 plo,
224 1246 287 1311 per
303 1226 422 1286 Seriati
437 1223 605 1287 decretum
610 1270 630 1302 ,.
658 1225 789 1288 Consul
813 1224 974 1308 gladium
998 1221 1079 1284 edu-

86 1362 89 1373 ·
130 1333 229 1406 uerit,
255 1331 335 1417 quis
348 1328 463 1415 finem
480 1340 614 1407 statuet,
646 1344 710 1390 aut
727 1332 806 1418 quis
826 1322 1081 1392 moderabitur?

129 1437 283 1501 Maiores
307 1437 430 1512 nostri,
465 1434 587 1498 Patres
615 1437 810 1522 conscripti,
838 1455 948 1523 neque
970 1434 1079 1496 consi-—

131 1541 183 1618 lii,
214 1564 325 1628 neque
348 1538 517 1602 audaciae
538 1562 706 1628 uniquam
726 1562 865 1624 eguere:
891 1561 1001 1626 ueque
1023 1559 1081 1600 su·

126 1647 246 1734 perbia
272 1646 440 1723 obstabat,
469 1666 537 1731 quo
564 1648 680 1706 miuus
706 1645 824 1706 aliena
845 1645 1019 1720 instituta,
1049 1643 1083 1705 si

130 1750 229 1812 modo
251 1749 370 1834 proba,
400 1750 630 1809 ιἰιιίιαιοιιιιιν.
674 1732 787 1808 Arma
805 1734 918 1834 alque
927 1746 973 1807 tel
972 1764 995 1806 a
1014 1749 1080 1807 mi·

132 1854 251 1916 litaria
269 1853 314 1913 ab
333 1844 580 1927 Samnitibus,
575 1852 737 1935 insigma
752 1854 1017 1935 magistratuum
1036 1850 1082 1913 ab

137 1959 253 2021 Tuscis
275 1958 442 2073 pleraque
465 1972 681 2055 sumserunt,
705 1974 873 2043 postremo
890 1955 987 2044 quod
1004 1956 1081 2019 vbi·

131 2085 198 2154 que
224 2060 320 2148 apud
344 2063 462 2137 socios,
488 2077 554 2121 aut
571 2059 678 2122 bostis
702 2054 864 2123 illououm
884 2060 1080 2141 videbatur,

132 2191 210 2233 cum
235 2188 369 2230 summo
395 2165 525 2229 studio
533 2165 629 2228 domi
649 2166 938 2255 exsequebantur:
966 2170 1082 2230 imita-

133 2278 175 2352 ri,
204 2294 312 2362 quam
339 2271 492 2334 inuidere
515 2270 614 2332 bouis
635 2272 818 2335 molebant.
874 2272 942 2334 Sed
966 2270 1082 2334 eodem

133 2383 196 2446 illo
223 2396 383 2466 tempore,
414 2375 582 2440 Graeciae
608 2396 736 2440 morem
762 2377 904 2452 imitati,
933 2375 1081 2438 verberi·

134 2489 194 2551 bus
223 2481 547 2548 animaduertebaut
574 2482 614 2543 ιἰι
645 2484 732 2544 ciuis
737 2526 748 2557 ,
781 2479 823 2543 de
846 2478 1081 2543 condemnatis

132 2611 306 2657 summum
335 2586 542 2674 supplicium
565 2585 750 2648 sumebant.
776 2606 779 2611 ·
799 2585 992 2674 Postquam
1015 2606 1082 2650 res·

129 2697 272 2787 publica
287 2690 452 2756 adoleuit
473 2708 508 2754 ec
526 2689 745 2755 multitudiue
764 2692 895 2754 ciuium
906 2689 1082 2781 factiones

134 2803 287 2875 ualuere,
320 2797 567 2860 circumuenire
592 2796 802 2872 innocentes,
831 2795 909 2857 alia
933 2796 1082 2860 huiusce·

134 2904 230 2970 modi
238 2901 325 2987 steri
340 2922 492 2987 coepere:
520 2918 594 2962 tum
617 2900 677 2961 lou
690 2899 817 2962 Porcia
836 2900 997 2988 aliaeque
1016 2922 1081 2987 pa·

134 3027 242 3086 ratae,
268 3002 391 3095 quibus
412 3006 541 3092 legibus
564 3006 724 3069 exsilium
749 3003 926 3067 damnatis
945 3008 1082 3090 permis·

134 3136 220 3180 sum.
269 3111 375 3174 Hanc
391 3133 451 3196 ego
474 3132 641 3189 caussam,
667 3111 788 3174 Patres
800 3111 993 3196 conscripti,
1012 3132 1080 3198 quo

135 3223 253 3285 miuus
286 3238 416 3279 nouum
447 3218 629 3280 consilium
654 3216 849 3302 capiamus,
890 3215 928 3276 ιἰι
957 3216 1082 3302 primis

136 3344 302 3411 maguam
322 3340 417 3410 puto.
465 3320 620 3410 Profecto
644 3322 754 3382 virtus
779 3336 884 3406 atque
911 3321 1082 3406 sapientia

137 3435 250 3493 maior
269 3431 308 3492 in
325 3430 397 3493 illis
404 3426 499 3516 sitit,
530 3428 594 3516 qui
608 3446 654 3488 ex
669 3427 791 3513 paruis
807 3423 926 3513 opibus
945 3439 1082 3487 tautum

139 3538 319 3623 imperium
337 3532 464 3622 fecere,
505 3552 613 3619 quam
636 3531 676 3594 iu
701 3530 809 3607 nobis,
845 3520 910 3619 qui
931 3538 973 3593 οἴη
999 3528 1082 3591 bene

56 3676 73 3776 N
134 3659 238 3730 parca
259 3643 326 3706 vic
342 3641 530 3704 recinemus.
587 3635 712 3705 Placet
729 3637 849 3724 igitur,
878 3656 935 3702 ecs
953 3632 1083 3699 dimitti
