2258 3998
138 128 201 208 124
358 202 361 215 ¹
454 73 935 203 unsrun-..s

132 283 171 344 in
194 279 310 368 primo
338 268 483 369 latere,
511 275 649 369 pedites
668 272 775 369 quam
806 282 991 345 artissume
1004 348 1008 359 ,
1021 279 1084 354 ire,

132 387 229 474 signa
253 381 429 450 occultare
446 381 564 454 ¹iubet.

453 562 584 635 GAP.
625 559 762 628 LXV.

198 701 374 792 Vagenses
398 701 456 768 vbi
478 707 636 767 animum
659 699 856 780 aduertere,
882 698 926 764 ad
948 722 985 766 se
1007 720 1089 766 vor:

132 829 211 874 sum
237 811 427 873 exercitum
452 828 623 899 pergeres
667 810 799 897 primo,
838 807 886 874 vti
910 820 986 871 erat
1016 825 1094 884 res,

132 909 321 980 Metellum
343 918 433 992 rati,
474 927 593 1001 portas
621 908 794 990 elausere;
818 909 990 993 ··deinde,
1028 909 1088 976 vbi

132 1041 247 1109 neque
270 1040 370 1108 agros
389 1023 528 1096 vastari,
553 1032 590 1082 et
614 1038 684 1095 eos,
715 1021 898 1107 qui'primi
926 1015 1086 1096 aderant,-

131 1121 302 1191 Numidas
346 1129 481 1212 equites
517 1120 657 1199 vident;
705 1113 846 1187 rursum
877 1121 1093 1211 ›Iugurtham-

130 1228 304 1306 arbitrati,
333 1216 415 1294 oum
438 1249 566 1317 magno
594 1225 720 1316 gaudio
748 1226 844 1298 obuii
872 1218 1080 1317 procedunt.

130 1333 284 1424 Equites¹
313 1320 537 1424 peditesque,
576 1348 719 1422 repensse
750 1338 851 1422 signo
879 1331 979 1412 dato,
1023 1329 1085 1396 alii

130 1438 273 1530 volgum
300 1437 450 1504 effiisum
483 1437 614 1528 oppido
646 1436 814 1516 caedere;
847 1436 907 1507 elii
936 1436 979 1503 ad
1003 1459 1085 1529 por-

129 1561 182 1614 tas
216 1545 379 1610 festinare
391 1568 402 1622 3
451 1567 530 1634 pars
564 1547 670 1609 turris
696 1565 849 1633 ,caperer
896 1546 948 1608 ira
978 1558 1085 1632 atque

129 1648 277 1743 praedae
312 1671 392 1739 spes
422 1646 587 1738 amplius,
631 1656 737 1737 quani
772 1645 937 1714 lassitudo
967 1668 1081 1738 posse,

130 1757 183 1825 lta
207 1756 381 1842 Vagenses
404 1751 551 1818 biduum
570 1751 677 1817 modo
701 1774 742 1818 ex
766 1751 915 1843 perfidia
944 1750 1086 1830 laetatis

129 1861 251 1927 ciuitas
281 1878 406 1947 magna
432 1872 469 1920 et
497 1855 643 1946 opulens
670 1879 804 1948 poenae
837 1872 982 1936 cuncta,
1022 1871 1084 1923 aut

128 1961 277 2054 praedae
300 1961 377 2027 fuit.
429 1959 625 2051 Turpilius,
647 1982 758 2052 'quern
782 1963 999 2054 praefectum
1025 1986 1083 2055 op·

128 2068 205 2160 pidi
224 2090 333 2134 vnum
354 2090 396 2133 ex
420 2067 583 2141 omnibus
604 2068 810 2158 profugisse,
837 2092 941 2159 supra
966 2085 1082 2135 osten·

129 2173 257 2252 dimus,
285 2175 393 2239 iussus
422 2195 442 2238 a
469 2170 617 2239 Metello
645 2196 800 2240 caussam
827 2173 960 2255 dicere,
985 2188 1086 2263 post-

129 2302 234 2370 quam
261 2301 333 2344 sese
362 2301 487 2368 parurn
515 2295 693 2368 expurgat,
723 2278 988 2365 condemnenus,
1013 2301 1086 2346 ver·

129 2383 337 2474 beratusque
365 2389 479 2475 capite
512 2406 642 2474 poenas
668 2381 784 2450 soluit.
827 2407 911 2450 nam
930 2387 965 2451 is
993 2389 1082 2451 ciuis

128 2510 170 2555 ex
193 2489 295 2556 Latio
320 2504 400 2556 eran

389 2632 391 2639 ’
429 2664 562 2762 οΑΡ,
597 2669 766 2767 ΜΠ.
852 2621 856 2628 ’

193 2805 260 2870 Per
287 2803 381 2871 idem
411 2821 549 2896 tempus
579 2808 781 2901 Bomilcar,
798 2811 896 2876 onius
926 2805 1086 2900 impulsu*

127 2909 294 3000 Iugurtha
318 2910 553 2992 deditionem,
580 2937 686 3004 quam
708 2930 806 2982 metu
833 2915 1004 2993 deseruit,
1028 2917 1080 2982 in-

125 3029 278 3105 ceperat,
305 3031 485 3105 suspectus
509 3022 594 3107 regi,
620 3014 656 3085 et
674 3025 748 3111 ipse
768 3044 849 3087 eum
872 3025 1078 3111 suspiciens,

126 3143 234 3186 nouas
267 3142 322 3185 res
361 3143 515 3209 cupere3
560 3123 603 3188 ad
634 3128 826 3214 perniciem
854 3130 928 3190 eius
956 3122 1081 3190 dolum

126 3247 309 3316 quaerere3
335 3223 397 3289 diu
422 3243 599 3319 noctuque
621 3228 766 3321 fatigare
783 3237 950 3298 animum.
979 3229 1080 3295 deni-

126 3353 205 3420 que,
234 3333 351 3396 omnia
375 3332 556 3412 tentando,
581 3341 715 3401 socium
729 3337 793 3403 sibi
811 3335 971 3426 adiungit
989 3335 1080 3402 Nab-

125 3433 268 3515 dalsam,
297 3435 482 3528 hominem⁴
503 3437 669 3519 nobilem,
702 3447 835 3531 magnis
864 3441 1001 3533 opibus,
1016 3448 1079 3508 'oa‘-

125 3562 206 3604 rum
233 3557 485 3633 acceptumque
519 3544 741 3636 popularibus
767 3548 860 3614 suis:
908 3550 971 3638 qui
1004 3543 1079 3636 ple·

124 3666 272 3745 rumque
296 3668 452 3734 seorsum
477 3648 520 3715 ab
544 3673 627 3743 rege
648 3655 840 3722 exercitum
864 3651 1021 3730 ductare,
1042 3666 1081 3717 en
