2258 3998
62 54 193 197 ¹1„
430 78 945 225 ssurvM.f·'

125 280 255 353 omnia,
285 270 478 351 festinare,¹
507 288 633 361 cogere
658 275 870 350 exercitum
904 275 1078 351 ciuitates,

124 404 214 474 quae
240 378 282 449 eb
311 401 348 445 se
378 375 594 456 defecerant,
635 375 841 457 formidine,
883 393 945 473 cut
969 392 1081 443 osten·

123 486 230 555 tando
258 489 414 575 praemia
442 480 638 561 adfectare3
679 487 898 553 communire
922 505 1002 549 suos
1028 479 1081 549 le

124 616 198 671 cos3
230 612 337 668 mma,
365 587 446 667 tela,
475 586 553 666 alia,
584 611 673 678 quse
697 611 760 678 spe
782 590 876 678 pacis
901 594 1078 668 amiserat,

122 695 279 774 reficere,
305 711 368 777 aut
394 699 624 760 commercari
631 718 642 772 3
673 697 816 761 seruitia
840 693 1080 767 Romanorum

122 800 285 880 adlicere,
318 814 355 865 et
383 821 442 864 eos
472 804 578 888 ipsos,
611 798 671 888 qui
697 802 734 865 in
757 796 936 888 praesidiis
963 815 1078 878 erant,

34 976 36 979 .
121 904 271 1002 pecunia
290 920 441 982 tentare;
471 926 612 994 prorsus
638 901 727 969 nihil
748 909 934 984 intactum,
961 924 1080 994 neque

122 1019 284 1106 quietum
311 1013 405 1100 peti:
441 1024 566 1074 cuncta
595 1014 736 1097 agitare.
799 1010 913 1097 Igitur
937 1010 1077 1098 Vagen-

120 1142 191 1196 ses,
220 1138 295 1207 quo
319 1110 487 1181 Metellus
512 1118 634 1190 initio,
663 1111 831 1201 Iugurtha
854 1110 1074 1203 pacificante,

119 1220 335 1313 praesidium
351 1225 575 1307 imposuerat,
603 1214 739 1306 fatigati
763 1224 854 1309 regis
878 1215 1075 1308 suppliciis,

119 1340 363 1419 nequeuntes
388 1321 568 1390 voluntate
591 1320 745 1402 alienati,
773 1328 951 1413 principes
985 1328 1076 1389 ciui-

118 1438 199 1501 tatis
224 1433 317 1498 inter
343 1452 381 1495 se
408 1434 608 1494 coniurant:
650 1450 733 1494 nam
759 1427 893 1517 volgus,
921 1433 972 1494 vti
998 1423 1075 1517 ple·

118 1510 267 1628 rumque
293 1530 395 1613 solet,
437 1549 475 1599 et
498 1544 661 1601 maxume
684 1532 939 1611 Numidarum,
981 1537 1075 1623 inge·

117 1647 178 1710 nio
200 1639 336 1718 mobili,
360 1637 566 1705 seditiosum
591 1654 695 1728 atque
712 1637 963 1707 discordiosum
983 1653 1071 1717 erat,

118 1745 287 1838 cupidum
318 1766 492 1810 nouarum
525 1766 662 1822 rerum,
704 1750 816 1834 quieti
845 1759 881 1809 et
911 1749 984 1809 otio
1012 1741 1074 1811 ad·

117 1873 267 1921 vorsum.
305 1847 398 1927 dein,
427 1851 628 1938 compositis
654 1855 747 1916 inter
771 1872 808 1916 se
832 1848 946 1929 rebus,
976 1847 1074 1917 diem

117 1960 262 2024 tertium
289 1957 528 2031 constituunt3
557 1953 651 2044 quod
676 1957 704 2020 is
729 1953 836 2021 festus
864 1952 1072 2029 celebratus·

118 2084 186 2154 que
216 2083 281 2150 per
312 2081 453 2125 omnem
486 2057 643 2129 Africam
674 2057 799 2125 ludum
831 2075 868 2127 et
893 2059 1072 2131 lasciuiam

117 2172 237 2257 magis,
267 2186 372 2254 quam
395 2162 618 2231 formidinem
649 2164 853 2236 ostentabat.
919 2164 988 2233 Sed
1013 2165 1072 2232 vbi

117 2288 256 2362 tempus
279 2269 358 2348 fuit,
383 2275 607 2355 centuriones
631 2269 859 2362 tribunosque
885 2268 1069 2350 militares,

39 2454 43 2465 Ι
115 2393 152 2446 et
189 2383 324 2468 ipsum.
342 2374 571 2465 praelectum¹
600 2364 737 2468 oppidi·
768 2378 810 2471 T,
865 2375 1071 2477 Turpilium

115 2482 298 2560 Silanum,
343 2479 432 2549 alius
470 2479 578 2547 alium
617 2480 738 2548 domos
776 2505 854 2549 suas
892 2487 1067 2561 inuitaut;

115 2612 174 2659 eos
204 2592 337 2665 omnis,
379 2602 520 2676 praeter
555 2586 774 2677 Turpilium,
819 2594 914 2655 inter
947 2586 1069 2679 epulas

115 2692 341 2760 obtruncant:
371 2708 511 2782 'postea
537 2690 666 2759 milites
695 2691 859 2782 palantis,
899 2700 1067 2772 inermos,

114 2803 247 2889 quippe
269 2800 306 2861 in
334 2794 398 2863 tali
423 2796 480 2863 die
501 2805 641 2865 ac'sine
665 2804 832 2888 imperio,
859 2796 1069 2888 adgrediun-

113 2919 182 2970 tur.
232 2900 329 2975 Idem
353 2899 472 2991 plebes
496 2902 598 2982 facit,
625 2927 704 2995 pars
733 2904 849 2971 edocti
876 2903 918 2971 ab
946 2903 1069 2971 nobili·

112 3024 204 3088 tate,
244 3005 303 3071 alii
335 3007 451 3073 studio
483 3007 609 3075 talium
640 3032 761 3091 rerum
792 3016 949 3088 incitatis
989 3017 1068 3101 quis

112 3130 189 3182 acte
220 3110 475 3202 consiliumque
507 3114 746 3203 ignorantibus
783 3113 956 3183 tumultus
991 3122 1069 3208 ipse

13 3216 15 3220 ’
112 3236 149 3288 et
174 3242 230 3288 res
262 3239 375 3285 nouae
401 3221 481 3285 satis
508 3217 702 3312 placebant.

414 3396 757 3499 oAannr

176 3534 326 3606 Romani
359 3536 506 3618 milites,
545 3540 741 3630 improuiso
776 3554 893 3620 metu,
938 3538 1066 3608 incerti

109 3646 303 3737 ignarique,
327 3643 413 3735 quid
437 3649 671 3742 potissumum
691 3643 862 3726 facerent,
890 3647 1068 3738 trepidare
