2258 3998
284 103 806 197 carumunura-
977 107 1089 175 ss.

72 265 124 331 tt
142 265 288 333 'Porcius
305 263 429 345 Laeca,
456 263 496 329 L.
517 263 643 345 Bestia,
678 264 721 352 Q.
746 263 894 330 Curiusz
925 286 1025 355 prae·
1069 331 1077 337 ,

72 386 168 437 terea
198 393 239 436 ex
267 375 419 459 equestri
448 368 570 434 ordine
594 369 647 433 M.
677 368 821 435 Fuluius
848 367 1023 452 Nobilior,

71 477 112 540 L.
136 473 309 555 Statilius,
334 476 370 539 P.
392 471 564 541 Gabinius
583 472 725 562 Capit0,
755 474 793 539 C.
817 472 1020 541 Corneliusr
1098 517 1115 551 ,ψ

72 580 198 646 adhoc
219 577 324 644 multi
342 602 382 644 ex
397 576 544 644 coloniis
566 594 601 644 et
616 584 830 669 municipiis,
849 579 946 645 domi
962 602 1026 647 ne*
1108 638 1111 643 4

73 683 169 752 biles.
199 720 203 735 ·
219 685 327 750 Erant
344 699 522 774 praeterea
541 682 738 773 complures
766 681 885 773 paullo
902 681 1025 751 occul»

66 784 149 855 -tius¹
171 787 308 856 consilii
343 790 487 855 huiusce
517 794 704 879 participes
735 780 893 869 nobiles,
939 813 1025 880 quos

70 901 182 984 magis
210 894 459 961 dominationis
487 917 564 984 spes
591 891 808 973 hortabatur,
838 916 943 983 quam
971 901 1025 961 in»

72 1007 169 1090 opio,
192 1017 264 1069 aut
284 999 351 1066 alia
375 999 604 1065 necessitudo.
669 998 837 1066 Ceterum
858 1004 1025 1069 iuuentus

70 1103 257 1195 pleraque,
289 1105 349 1172 sed
368 1129 527 1170 maxume
556 1100 947 1183 nobilium‚..Catilinae
971 1111 1025 1169 in·

44 1196 51 1203 ⁵
71 1217 184 1300 ceptis
199 1211 350 1300 fauebat.
382 1209 505 1300 quibus
523 1215 561 1297 in
575 1215 649 1275 otio
667 1207 722 1275 vel
739 1207 936 1300 magnifice,
969 1208 1026 1279 vel

71 1315 371 1395 mollitenviuere
395 1320 497 1404 copia
527 1331 613 1394 erat,
645 1303 780 1382 incerta
811 1338 876 1405 pro
906 1321 1023 1404 certis,

72 1420 223 1500 bellum,
255 1445 360 1512 quam
389 1444 531 1511 pacem,
563 1418 748 1485 malebant.
797 1421 910 1487 Fuere
938 1427 1026 1487 item
1097 1474 1100 1481 .

73 1550 114 1592 ea
130 1543 351 1616 tempestate,
384 1531 444 1614 qui
462 1523 643 1599 crederent
661 1525 710 1590 M.
729 1525 909 1590 Licinium
926 1525 1026 1592 Cras·

72 1655 151 1698 sum
172 1654 244 1697 non
266 1639 429 1722 ignarum
447 1616 533 1696 'eius'
548 1624 685 1696 consilii
698 1629 823 1708 fuisse,
853 1637 935 1721 quia
957 1631 1021 1703 Cn,

71 1738 260 1826 Pompeius
280 1743 414 1803 innisus
433 1741 500 1827 ipsi
515 1759 680 1827 magnum
699 1740 893 1802 exercitum
905 1735 1027 1803 ducta-

70 1841 147 1921 bat,
178 1848 331 1909 cuiusuis
357 1863 439 1932 opes
461 1841 610 1910 voluisse
635 1855 757 1908 contre
782 1838 878 1907 illius
901 1854 1026 1931 poten,-

72 1953 160 2012 tiam
189 1970 360 2015 crescere:
405 1945 523 2015 simul
543 1944 733 2026 conlisum,
756 1952 798 2013 -si
829 1951 1026 2015 coniuratio

72 2051 257 2133 valuisset,
283 2051 386 2120 facile
401 2053 495 2143 apud
512 2049 591 2119 illos
608 2057 808 2143 principem
826 2074 863 2120 se
876 2049 991 2119 fora--

211 2188 280 2301 .”
381 2189 700 2319 [οΛΡζΧΙκ
763 2194 868 2226 ’“’
923 2210 928 2223 “
1016 2194 1053 2219 “

10 2424 14 2433 .
36 2443 40 2448 ,
140 2369 208 2436 Sed
222 2375 425 2437 antestitem
440 2376 668 2437 coniurauere
682 2371 785 2459 pauci
800 2382 923 2434 contra
939 2390 1027 2435 rem·

72 2474 273 2567 publicam,
296 2473 474 2566 inquibus
493 2473 654 2541 Catilina.
688 2473 732 2539 de
753 2488 948 2564 quaquam
964 2495 1026 2543 te·
1105 2470 1108 2477 ’

69 2587 220 2649 rissume
247 2598 372 2671 potero
398 2581 532 2648 dicam·
570 2581 608 2645 L.
646 2577 777 2658 Tullo,
806 2576 1039 2673 M..Lepidofl
1113 2570 1116 2575 ¹

73 2685 289 2767 consulibus,
329 2688 365 2752 P.
404 2686 598 2753 Autronius
631 2702 667 2751 et
694 2685 729 2750 P.
760 2682 857 2751 Sulla
891 2682 1025 2773 legibus

72 2792 224 2882 ambitus
238 2798 443 2880 interrogati
457 2815 585 2882 poenas
601 2789 777 2884 dederant.
810 2789 892 2855 Post
905 2786 1026 2879 paullo

73 2895 238 2978 Catilina,
269 2905 501 2986 pecuniarum
518 2895 916 2987 ‘repetundarumireus
949 2913 1026 2984 pro-

73 3002 205 3069 hibitus
225 3020 300 3068 crat
318 3001 538 3069 consulatum
558 3018 703 3092 petere;
737 2999 949 3090 quodintra
976 2995 1025 3064 le-

73 3104 215 3197 gitimos
242 3108 314 3174 dies
337 3105 496 3198 profiteri
519 3111 730 3198 nequiuerit.
792 3105 876 3170 Erat
899 3102 1025 3170 eodem

75 3229 234 3304 tempore
251 3214 316 3280 Cn.
339 3215 436 3290 Piso,
463 3211 661 3279 adolescens
689 3207 834 3289 nobilis,
866 3229 1025 3277 summae
1060 3214 1066 3223 ”

73 3317 249 3401 audaciae,
282 3342 399 3410 egens,
428 3317 609 3397 factiosus,
644 3315 808 3407 quemad
824 3312 1026 3404 perturban-

73 3424 156 3491 dam
177 3423 431 3516 rempublicam
450 3429 569 3513 inopia
591 3438 696 3512 atque
717 3419 802 3487 mali
820 3442 935 3486 mores
962 3426 1024 3487 sti-

65 3527 264 3598 mulabant.
305 3529 396 3596 Cum
414 3530 488 3596 h'oc.
499 3526 647 3597 Catilina
662 3544 698 3594 et
711 3526 915 3593 Autronius.
941 3548 1025 3593 con·

72 3635 152 3721 silio
170 3643 445 3715 communicato,
471 3626 639 3729 parabant
658 3638 695 3698 in
710 3627 885 3726 Capitolio
900 3626 1024 3695 Kalen-
1097 3720 1105 3726 “
