2258 3998
173 98 175 102 “
266 80 806 182 carmaniam
976 142 1022 211 29

93 296 99 303 ·
320 270 486 337 .0AP.
531 268 760 337 XXXII-.-

132 374 203 444 Sed
232 383 306 466 ipse
332 394 462 467 paucos
476 372 561 441 ¹dies
592 389 827 441 commoratus
857 377 950 468 apud
974 379 1015 448 C.

65 481 279 552 Flaminium
306 479 498 547 Flammam
529 476 567 545 in
596 501 679 568 agro
705 479 869 548 Arretino
884 496 910 562 ,¹
933 483 1020 557 dum

66 594 295 665 vicinitatem,
331 603 432 653 antea
459 582 699 664 sollicitatam,
729 592 833 653 armis
863 607 1018 672 exornat,

65 716 148 760 cum
173 692 323 758 fascibus
348 706 453 782 atque
481 690 557 757 aliis
582 690 731 782 ‘imperii
765 693 955 782 insignibus
981 702 1019 773 in

65 814 177 864 eastra
194 797 237 862 ad
257 795 432 863 Manlium
451 795 642 863 contendit.
692 796 789 863 Haec
814 797 872 863 vbi
887 799 1019 868 Romae
1054 836 1056 841 ¹

64 906 266 993 comperta,
290 916 429 967 senatus
446 904 636 969 Catilinam
655 919 690 968 et
703 904 885 991 Manlium
908 905 1025 1011 hostes,

64 1009 223 1084 indicam
256 1026 382 1074 ceterae
410 1008 630 1073 multitudini
649 1007 741 1090 diem
759 1013 898 1089 statutt,
935 1028 1018 1078 anta

61 1135 172 1215 quarn
208 1116 284 1176 siue
306 1104 444 1202 fiaude'
468 1113 583 1178 liceret
616 1114 660 1177 ab
692 1116 800 1200 armis
835 1114 1013 1197 discedere,

58 1220 198 1308 praeter
215 1239 327 1281 rerum
345 1217 548 1307 capitalium
568 1217 810 1285 condemnatis.
859 1219 1016 1285 Praeter·

62 1345 103 1388 ca
142 1320 316 1405 decernit,
362 1324 419 1386 vti
455 1323 618 1386 Consules
650 1322 811 1390 dilectum
840 1324 1014 1404 imbeant5

20 1411 24 1421 ⁸
57 1428 238 1496 Antonius
259 1448 338 1489 curn
364 1429 515 1489 excercuit
543 1427 733 1492 Catilinam
757 1433 917 1519 persequi
939 1453 1014 1496 ma·

59 1549 173 1610 turet,·
202 1533 317 1599 Cicero
340 1530 420 1595 urbi
440 1530 611 1617 praesidio
628 1533 681 1596 sit.
731 1530 781 1595 Ea
806 1546 1014 1622 tempestate

58 1638 150 1704 mihi
171 1641 361 1725 imperium
386 1631 510 1723 populi
537 1633 686 1700 Romani
713 1633 827 1701 multo
851 1626 1014 1708 mamma

58 1738 403 1825 miserabilenisum,
434 1745 492 1805 cui
516 1737 662 1807 eumad
683 1762 845 1809 occasum
869 1743 912 1809 ab
931 1761 1013 1813 ortu

56 1846 142 1915 solis
160 1851 279 1911 omnia
299 1844 430 1910 domita
451 1850 556 1911 armis
572 1861 752 1935 pateream
777 1845 876 1913 domi
897 1855 1013 1921 otium

57 1969 165 2042 atquo
177 1948 338 2029 diuitiae,
365 1972 452 2040 quae
469 1949 763 2041 primamortalcs
784 1966 924 2041 putant,
951 1952 1012 2020 ad·

57 2058 224 2124 fluerent:
252 2053 350 2121 fuere
372 2070 490 2121 tamen
517 2061 622 2133 ciues,
649 2063 710 2146 qui
732 2078 837 2146 seque
863 2080 1012 2149 remque

57 2160 235 2256 publicam
279 2160 460 2225 obstinatia
483 2181 489 2187 ·
509 2166 637 2225 animis
674 2159 852 2251 perditum
900 2170 1004 2235 irent.

56 2269 219 2358 Namque
237 2263 380 2330 duobus·
393 2264 512 2331 Senati
531 2263 680 2330 decretis
701 2287 742 2331 ex
764 2280 862 2333 tanta
886 2266 1009 2335 multi·

38 2372 193 2451 rtudine,
222 2392 335 2460 neque
359 2375 514 2459 praemio
541 2368 704 2435 inductus
727 2376 1009 2449 coniurationem

55 2475 279 2570 patefecerat,
308 2497 423 2564 neque
442 2498 483 2541 ex
504 2482 623 2541 castris
636 2473 809 2543 Catilinae
823 2482 1008 2568 quisquam

33 2589 219 2649 'omnium
239 2579 449 2646 discesserat.
477 2596 572 2646 tanta
592 2587 643 2645 vis
661 2580 794 2664 morbi,
825 2587 877 2652 vti
897 2582 1004 2671 tabes,

55 2687 242 2779 plerosque
267 2692 400 2752 ciuium
427 2691 567 2751 animos·
583 2693 766 2756 inuaserat.

299 2960 303 2967 Ι
338 2852 481 2969 041³:
506 2860 722 2930 XXXIII.

120 3003 245 3094 Neque
262 2999 376 3067 solum
395 2999 463 3068 illis
483 3000 595 3068 aliena
610 3025 707 3068 mens
729 3019 815 3083 erat,
842 3011 904 3096 qui
920 3029 1003 3075 con·

53 3115 117 3177 scii
144 3113 420 3186 coniurationis3
460 3106 521 3174 sed
553 3112 698 3172 omniuo
728 3123 855 3174 cuncta
883 3109 1004 3200 plebes

54 3235 227 3282 nouarum
249 3236 369 3279 rerum
386 3211 502 3277 studio
524 3210 694 3279 Catilinae
711 3218 851 3304 incepta
876 3216 1003 3306 proba·

55 3316 122 3382 bat.
171 3318 210 3384 Id
230 3318 317 3385 adeo
335 3340 435 3384 more
460 3339 523 3383 suo
545 3315 726 3383 videbatur
748 3316 872 3384 facere.
910 3319 1003 3391 Nam
1104 3408 1108 3413 Ι

52 3443 192 3511 semper
215 3428 252 3488 in
277 3430 439 3503 ciuitate,
463 3429 542 3513 'quis
566 3445 648 3513 opes
674 3421 792 3488 nullae
812 3438 912 3504 sunt,
947 3425 1002 3493 bo

52 3535 106 3594 nis
131 3525 313 3608 inuideat,
348 3524 456 3593 malos
488 3525 686 3605 extollunt3
730 3543 848 3596 vetera
881 3518 998 3607 odera,
1066 3586 1070 3592 .

52 3656 144 3709 noua
181 3645 368 3722 exoptauta
411 3632 491 3727 odio
533 3655 675 3711 suarum
718 3654 837 3709 rerum
870 3643 1001 3703 mutari
