2258 3998
111 121 172 189 152
437 118 788 187 BELLVM·

106 279 219 368 Igitur
238 278 446 367 Carthagine
472 275 543 342 duo
568 274 692 342 fratres
718 280 831 357 missi,
857 272 984 366 quibus
1002 296 1066 341 no·

106 407 189 449 men
218 381 388 449 Philaenis
420 398 514 462 erat,
549 398 773 448 maturauere
800 386 870 453 iter
899 400 1061 473 pergeret

108 487 323 578 Cyrenenses
344 484 475 552 tardius
495 491 576 552 iere.
626 485 666 558 Id
680 484 894 574 secundiane,
921 511 965 551 un
985 508 1067 552 casu

107 592 292 672 acciderit)
330 616 457 683 purum
484 593 645 682 cognoui.
703 590 895 659 Ceterum·
910 591 1001 667 solet
1029 596 1068 658 in

108 695 178 763 illis
200 696 283 764 locis
312 712 501 788 tempestas
522 696 614 763 hand
644 720 755 776 secus,
784 704 898 789 atquo·
913 702 952 763 in
977 702 1067 763 mari

108 806 268 868 retinere.
317 803 410 869 Nam
440 802 498 870 vbi
522 824 588 894 per
619 792 697 869 loca
725 800 897 893 aequalia*
908 820 944 870 et
974 801 1068 868 nuda

107 914 328 998 gignentium
354 925 479 976 ventus
505 922 646 974 coortus
676 910 819 974 arenarii
844 908 957 974 humo
981 913 1067 974 exei-

108 1020 212 1092 tauit,
245 1036 287 1079 ea
317 1036 442 1105 magna
467 1020 505 1080 vi
533 1016 676 1105 agitata,
705 1002 767 1078 dra'
793 1012 984 1105 oculosque
1007 1019 1066 1078 im·

108 1117 207 1208 plere
224 1118 330 1186 solet:
360 1127 409 1186 itu
422 1132 612 1211 prospectu
633 1118 817 1210 impedito,
830 1120 967 1215 ‘morari
984 1125 1061 1184 iter.

105 1224 295 1314 Postquam
331 1226 544 1316 Cyrenenses
576 1222 760 1315 'aliqua'rito'
785 1230 995 1314 posteriores
1029 1242 1067 1290 se

107 1329 242 1411 rident,
271 1347 309 1396 et
335 1332 378 1398 ob
402 1352 479 1397 rem
499 1330 703 1420 corruptam
720 1328 822 1421 ‘domi
846 1330 976 1421 poenas
998 1352 1067 1415 me

102 1450 233 1501 tuunt:
269 1441 458 1530 criminari,
472 1434 793 1524 ··Carthaginienses
820 1450 901 1502 ante
927 1451 1066 1524 tempus

109 1541 217 1606 domo
232 1541 412 1632 digressos,
437 1536 646 1609 conturbare
661 1564 736 1606 rem
746 1566 755 1619 3
782 1540 930 1631 denique
948 1546 1067 1606 omnia

110 1644 227 1725 malle,
256 1671 362 1739 quam
380 1650 464 1714 vieti
483 1632 588 1712 abire.
639 1644 707 1711 Sed
735 1646 817 1712 cuin
834 1646 941 1712 Poeni
961 1642 1066 1711 alium

96 1751 350 1822 ,conditionem
362 1800 372 1830 ,
407 1751 652 1817 tantummodo
681 1775 850 1843 aequam,
891 1766 1063 1841 peterent,

111 1856 239 1922 Graeci
265 1862 447 1943 optionem
475 1850 811 1946 Carthaginiensium
835 1849 980 1935 fatiunt,
1008 1859 1068 1921 uel

111 1961 178 2039 illi,
208 1983 293 2048 quos
302 1962 395 2050 finis
414 1964 543 2052 populo
563 1986 625 2026 suo
646 1948 808 2051 peterent,
821 1964 889 2027 'tbi
907 1966 988 2028 viui
1008 1962 1065 2026 ob·

111 2084 309 2145 merentum
334 2069 394 2132 vel
421 2066 539 2134 eadet'n
569 2068 764 2133 conditione
792 2092 872 2148 sese,
901 2091 1005 2158 quem
1027 2073 1065 2131 in

112 2174 225 2236 locum
250 2174 394 2252 vellent,
424 2198 644 2264 processuros.
695 2171 861 2252 Philaeni,
898 2172 1066 2239 conditio·

110 2298 156 2341 ne
181 2277 336 2366 probata,
365 2301 471 2370 seque
498 2286 675 2368 vitamque
703 2276 914 2368 reipublicae
941 2277 1066 2344 condo

109 2406 250 2448 nauere.
283 2390 332 2448 ita
354 2392 427 2449 viui
451 2382 576 2450 obruti.
624 2378 926 2472 Carthaginienses
957 2386 994 2448 in
1022 2406 1065 2449 eo

110 2486 189 2554 loeo
214 2487 385 2554 Philaenis
413 2489 574 2555 fratribus
600 2512 675 2555 aras
700 2478 965 2567 conseorauere3
996 2487 1066 2554 alii-

101 2616 178 2682 -que
207 2590 275 2657 illis
297 2593 392 2659 domi
415 2596 564 2661 honores
586 2597 746 2660 instituti.
795 2589 903 2661 Nunc
923 2592 966 2658 ad
988 2616 1065 2659 rem

101 2696 223 2763 redeo.

143 2806 146 2811 ’
397 2806 526 2872 oAP.
573 2804 837 2872 LXXVL'·

175 2908 344 2997 Iugurtha
371 2928 568 3003 postquam,
599 2918 722 2978 amissa
748 2908 874 2991 Thala,
903 2907 992 2975 nihil
1017 2932 1064 2976 sa-

108 3019 153 3078 tis
170 3011 314 3078 firmum
335 3032 456 3082 contra
472 3016 660 3084 Metellum
690 3031 808 3107 putat,
841 3038 1064 3105 permagnus

101 3117 312 3184 solitudines
341 3144 421 3187 eum
455 3130 573 3212 paucis
603 3122 795 3214 profectus,
829 3125 989 3210 peruenit
1019 3119 1064 3187 ud

109 3212 293 3303 Gaetulos}
316 3237 425 3317 genus
450 3226 633 3295 hominum
661 3229 777 3301 ferum
803 3225 1061 3317 incultumque,

97 3345 144 3393 ·et
169 3350 211 3395 eo
236 3346 395 3421 tempore
424 3335 584 3423 ignarum
611 3338 760 3399 nominis
789 3333 948 3401 Romani.
993 3331 1063 3398 Eo·

107 3455 187 3505 rum
214 3435 477 3514 multitudinem
505 3444 546 3504 in
576 3462 685 3506 vnum
718 3444 827 3528 cogit;
869 3460 911 3504 ac
934 3433 1062 3527 paullu-

106 3542 173 3601 tim
199 3542 414 3608 consuefacit
450 3543 589 3610 ordines
623 3544 751 3609 habere
764 3592 774 3622 ‚
821 3547 919 3631 signa
946 3546 1059 3631 sequi,

106 3646 295 3731 imperium
318 3646 515 3731 obseruare,
543 3655 630 3716 item
654 3640 909 3717 uliu'militaria
929 3646 1054 3715 faeere.
