2258 3998
97 111 143 180 ss
203 64 956 186 coutvnartoonrtnrunsm

98 291 181 358 narn
209 287 343 350 contra,
373 289 531 340 aeratus
559 288 646 353 erat,
678 274 803 365 magna
828 278 864 339 ri
887 271 1050 351 tender03

98 375 280 442 cohortem
307 384 520 468 praetoriam
542 384 580 445 in
605 377 738 444 medies
765 379 872 445 hostis
899 376 1050 456 inducit,

98 501 156 546 eos
182 481 404 570 perturbatos
435 499 539 573 atque
556 481 642 550 alios
669 481 754 552 alibi
777 489 975 550 resistentes
1004 487 1054 547 in·

97 583 246 664 terficit3
280 587 406 654 deinde
434 595 610 679 vtrimque
637 611 679 655 ex
705 585 871 655 lateribus
894 585 1053 677 adgredi·
1079 580 1094 606 ⁸

97 707 167 756 tur.
217 691 369 760 Manlius
394 710 431 760 et
450 693 659 762 Faesulanus
684 697 867 784 inprimis
892 715 1052 784 pugnan-

98 812 151 862 tes
178 797 315 863 cadunt.
365 798 552 890 Postquam
575 800 665 866 fusas
687 805 818 890 copias,
844 820 1053 888 seque-cum

97 909 217 991 paucis
243 901 420 971 relictum·
435 905 529 973 ridet
558 903 724 983 Catilina,
756 926 893 969 memor
917 908 1052 993 generis

98 1022 203 1097 atque
215 1013 383 1096 pristinae
396 1008 588 1099 dignitatis,
618 1016 656 1082 in
671 1008 954 1077 confertissumos
973 1006 1051 1073 hos·

98 1126 152 1176 tes
174 1117 325 1179 incurrit
350 1114 469 1204 ibique
496 1136 652 1205 pugnans
684 1106 893 1182 confoditur.

409 1220 498 1286 ΟΛ
512 1222 554 1287 P.
600 1220 738 1287 LVII.

164 1324 234 1391 Sed
267 1325 427 1393 confecto
461 1323 621 1416 praeli0,'
654 1341 733 1395 tum
767 1347 849 1394 vero
879 1344 1049 1404 cerneres,

98 1446 228 1519 quanta
255 1430 398 1497 audacia
428 1446 626 1522 quantaque
657 1437 768 1497 animi
794 1433 843 1498 vis
867 1428 989 1521 firissm
1012 1435 1052 1492 in

98 1541 252 1602 exercitu
282 1524 483 1602 Catilinae.-
526 1536 620 1604 Nam
645 1536 739 1616 fere,
773 1558 878 1627 quem
905 1539 1053 1624 quisque

97 1640 287 1728 pugnando
310 1639 427 1706 locum
457 1658 614 1732 ceperat,
636 1662 748 1720 eum,
776 1645 899 1709 amissa
922 1644 1051 1716 anima,

98 1766 246 1832 corpore
280 1744 427 1833 tegebat.
499 1748 603 1812 Pauci
632 1761 769 1825 autem,
808 1766 895 1835 quos
927 1743 1051 1808 cohors

96 1855 273 1936 praetoria
287 1848 480 1932 disiecerat,
507 1849 627 1942 paullo
641 1850 812 1917 diuersius
820 1897 829 1930 ,
856 1847 916 1913 sed
930 1870 1052 1915 omnes

61 2034 64 2038 ἱ
92 1968 217 2017 tamen
231 1953 382 2022 aduersis
399 1955 597 2049 volneribus
618 1955 849 2023 conciderant.
900 1951 1053 2020 Catilina

97 2079 180 2122 vero
206 2057 308 2148 longe
334 2084 352 2125 a
377 2069 467 2142 suis,
506 2069 599 2129 inter
622 2063 778 2127 hostium
804 2057 973 2126 cadauera
996 2081 1051 2124 re-

97 2180 218 2251 pertus
248 2181 317 2244 est,
347 2167 546 2257 paullulum
578 2174 685 2235 etiam
714 2173 847 2257 spirans
868 2164 1052 2230 ferociam·

96 2291 166 2357 que
194 2277 315 2350 animi,
344 2297 449 2363 quam
468 2273 643 2340 habuerat·
655 2280 767 2350 viuus,
797 2277 835 2336 in
853 2267 951 2338 voltu
972 2273 1053 2333 reti·

97 2397 192 2439 nens.
244 2377 424 2443 Postremo
452 2402 493 2443 en
516 2386 614 2445 omni
638 2383 739 2468 eopia
762 2396 877 2466 neque
893 2380 931 2439 in
957 2395 1052 2464 prae·

96 2477 158 2558 lie,
192 2490 358 2571 nequem
376 2483 458 2573 fuga
474 2491 657 2575 quisquam
675 2488 762 2549 ciuis
780 2488 953 2572 ingenuus
970 2501 1052 2568 cap·

97 2599 164 2649 tus.
215 2589 268 2651 Ita
285 2595 403 2654 cuncti
420 2612 502 2654 suae
524 2589 748 2679 hostiumque
769 2591 860 2653 vitae
878 2590 972 2650 iuxta
990 2604 1052 2673 pe-

97 2707 291 2780 percerant.
345 2692 470 2783 Neque
491 2711 610 2760 tamen
636 2698 805 2759 exereitus
830 2687 955 2781 populi
982 2687 1051 2753 Ro-

97 2803 194 2860 inani
219 2793 345 2862 laetam
366 2815 427 2863 aut
448 2804 669 2866 incruentem
690 2801 874 2863 victoriam
891 2793 1047 2885 adeptus.

97 2924 180 2966 nam
196 2908 455 2968 strenuissimus
470 2909 616 2993 quisque
634 2919 696 2969 aut
712 2899 887 2968 occiderat
900 2905 939 2964 in
952 2921 1053 2988 prae-

97 3004 167 3086 lio,
197 3023 257 3071 aut
278 3013 433 3094 grauiter
456 3008 657 3076 vulneratus
681 3008 894 3075 discesserat.
943 3000 1054 3069 Multi

98 3129 216 3178 autem
225 3161 234 3192 ,
266 3117 327 3202 qui
341 3111 383 3176 de
401 3121 519 3179 castris
533 3114 683 3194 visundi,
710 3127 773 3181 aut
789 3107 963 3202 spoliandi
976 3132 1052 3198 gra·

98 3224 148 3282 tia
175 3235 437 3308 processerant,
484 3219 664 3287 voluentes
699 3215 840 3286 hostilia
871 3213 1051 3294 cadauera,

96 3328 253 3388 amicum
275 3321 354 3403 alii,
391 3347 469 3414 pars
495 3325 671 3416 hospitem
688 3321 919 3415 reperiebant.
953 3319 1055 3386 fuere

97 3432 197 3505 item,
231 3436 292 3519 qui
306 3435 468 3495 inimicos
485 3452 565 3496 suos
582 3443 841 3521 cognoscerent.
891 3427 944 3494 lta
960 3430 1054 3493 varie

96 3554 323 3621 peromnem
352 3541 545 3602 exercitum
571 3533 715 3616 laetitia,
744 3556 886 3603 moeror
893 3557 904 3616 ς
937 3529 1053 3598 luctus

96 3652 201 3727 atque
218 3638 344 3731 gaudia
362 3639 593 3732 agitabantur.

544 3764 706 3786 ψ

543 3788 706 3805 *aun—ss
