2250 3998
110 112 158 203 Μ
442 104 801 181 BELLVM.

112 262 472 344 vadibus‘eonsulenn
503 266 593 334 clam
617 272 653 334 in
673 269 875 338 Numidiam
899 271 1069 339 Bomilca-

75 384 78 389 '
112 394 190 442 rem
225 371 372 441 dimittit
385 379 418 438 ε’
439 376 587 455 veritus,
630 397 676 439 ne
707 373 858 465 reliquos
891 377 1070 466 popularis

111 476 442 559 metus-inuaderet
472 477 617 566 parendi
650 479 732 557 sibi,
768 483 796 545 si
827 479 870 546 de
898 480 961 547 illo
988 507 1070 572 sup·

112 581 262 674 plieium
286 597 444 649 sum-tum
466 580 567 648 foret.
627 583 673 648 Et
703 588 776 674 ipse
801 590 920 681 paucis
949 587 1069 653 diebus

114 688 293 780 profectus
321 702 385 766 est,
412 689 522 753 iussus
547 686 589 753 ab
611 687 741 755 Senatu
769 686 867 754 Italia
886 690 1065 766 decedere.

112 794 184 861 sed
204 808 391 884 postquam
415 791 527 858 Roma
549 815 706 882 egressus
730 809 798 873 est,
828 794 941 860 fertur
967 820 1071 887 saepe

113 920 157 969 eo
180 900 305 964 tacitus
329 900 537 987 respiciens,
564 914 742 989 postremo
765 897 902 964 dixisse:
935 924 1071 971 VRBEM

59 1022 69 1041 ²
113 1025 382 1079 veneremur
409 1024 576 1072 marvan
602 1027 848 1085 renrrvnau,
883 1027 917 1071 s1
942 1027 1070 1071 ruro-

112 1130 197 1178 ιιι
223 1129 464 1176 suvrurnrr.

404 1285 546 1390 ¹caiz
582 1260 771 1373 xxxii.

17 1462 25 1469 ·
179 1428 327 1494 Interim
354 1425 521 1508 Albinus,
554 1443 724 1493 renouato
751 1408 862 1507 bello,
896 1451 1070 1496 commea-

113 1522 204 1612 nam,
233 1531 465 1623 stipendium,
494 1530 578 1612 alie,
608 1552 697 1623 quae
723 1533 992 1601 militibusvsui
1017 1533 1069 1601 fo-

112 1652 214 1716 rent,
247 1653 400 1703 maturat
427 1642 463 1701 in
493 1637 650 1703 Africam
677 1638 836 1727 portare3
881 1631 922 1705 alc
951 1643 1070 1705 stetim

113 1733 189 1831 ipse
216 1742 410 1830 profectus,
443 1745 493 1805 vti
516 1758 597 1806 ante
617 1746 780 1821 comitia,
807 1742 902 1832 quod
930 1758 1070 1831 tempus

110 1844 209 1911 ¹haud
237 1842 340 1934 longe
364 1843 502 1923 eberat,
541 1850 661 1926 armis,
699 1864 759 1912 aut
784 1846 978 1926 deditione,
1008 1864 1070 1913 aut

111 1953 241 2040 quouis
262 1948 367 2015 modo
396 1948 527 2015 bellum
553 1949 749 2016 conficeret.
800 1952 849 2018 At
871 1968 993 2018 contra
1017 1956 1069 2018 lu-

113 2053 243 2144 gurtha
275 2055 413 2120 trahere
447 2060 578 2134 omnia,
620 2073 660 2121 et·
688 2054 786 2135 alias,
827 2042 952 2122 deinde
984 2055 1068 2121 alias

52 2216 55 2221 .
98 2178 235 2239 ,morae
262 2182 395 2226 caussas
415 2159 548 2239 facere3
582 2149 743 2250 polliceri
768 2161 998 2241 deditionem,
1028 2184 1069 2228 ac

113 2263 242 2331 deinde
270 2280 407 2334 metum
442 2263 628 2344 simulare3
675 2269 817 2331 instanti
848 2267 987 2345 cedere,
1031 2283 1068 2330 et

113 2369 236 2462 paullo
252 2387 344 2461 post,
372 2392 417 2434 ne
440 2374 493 2435 sui
509 2369 719 2448 diffiderent,
742 2375 886 2438 instare:
919 2369 1068 2437 imbelli

113 2473 239 2555 modo,
279 2474 385 2542 modo
410 2479 502 2565 pacis
533 2498 632 2541 mora
661 2475 850 2542 Consulem
875 2474 1062 2545 ludificare.
1109 2464 1117 2477 ’

113 2579 169 2647 Ac
188 2579 300 2661 fuere,
331 2586 393 2672 qui
414 2597 491 2646 tum
507 2580 675 2647 Albinum
695 2581 788 2646 haud
805 2585 966 2670 ignarum
983 2605 1068 2658 con-

112 2681 184 2765 silii
210 2688 299 2773 regis
327 2678 736 2775 existumarentjneque
757 2709 797 2752 ex
820 2680 928 2773 tenta*
941 2710 1068 2776 prope·

24 2813 27 2816 ’
85 2785 86 2789 ’
113 2791 228 2854 sautia
248 2804 321 2854 tem
338 2788 437 2854 facile
459 2805 610 2855 tractum
628 2788 759 2856 bellum'
772 2790 928 2856 secordia
945 2795 1066 2879 magis,

113 2912 221 2982 quam
243 2891 324 2960 dolo
349 2892 539 2960 crederent.
602 2895 671 2960 Sed
695 2913 889 2986 postquam,
933 2894 1069 2984 dilapso
1101 2886 1107 2902 ⁸

77 3005 286 3086 'sempore
314 3004 538 3066 comitiorum
558 3000 631 3066 dies
652 2999 879 3079 aduentabat3
907 2998 1066 3078 Albinus,

114 3099 208 3167 Aulo
233 3101 341 3168 fratre
361 3109 535 3172 incastris
556 3128 621 3197 pro
646 3106 808 3172 Praetore
835 3101 971 3185 relicto,
997 3106 1087 3173 Re·

112 3198 211 3277 niam
236 3206 391 3276 decessit.

395 3387 526 3457 οΑΡ.
563 3373 783 3470 XXXIII.

178 3523 231 3591 Ee
253 3516 461 3615 tempestate
480 3527 610 3614 Romae
627 3525 861 3593 seditionibus·
872 3525 1068 3594 tribuniciis

111 3633 281 3715 tuoeiter
304 3652 360 3699 res
391 3628 533 3724 publiea
549 3629 777 3723 ·agitabutur.-
832 3633 869 3699 P.
897 3628 1069 3711 Lucullus
