2258 3998
80 106 126 191 a
293 104 300 111 ·
347 42 764 203 aonivnar1o
835 48 838 53 ¹

81 258 229 327 consilio
251 259 387 352 longius
410 269 505 331 tueri
528 279 688 355 poterat,
719 287 834 357 neque
861 271 1039 334 exercitus

79 363 210 431 Manlii
233 384 401 457 quantus,
445 385 508 436 aut
529 392 600 460 quo
628 369 774 437 consilio
804 371 908 451 foret,
950 376 1034 438 satis

81 488 303 560 compertum
331 473 502 554 habebat,
542 497 619 540 rem
644 474 688 541 ad
715 476 884 543 Senatum
910 476 1033 555 refert,

74 579 151 645 ,iam
176 593 277 645 antea
301 577 395 669 volgi
419 577 618 646 rumoribus
641 587 857 672 exagitatam.
896 582 1032 670 ltaque,
1076 568 1089 593 ‘

79 681 174 769 quod
190 682 399 774 plerumque
419 690 458 751 in
477 690 588 751 atroci
605 693 747 776 negotio
764 685 865 767 solet,
885 686 1035 754 Senatus

82 784 256 854 decreuit:
307 812 475 855 nannnr
509 811 673 857 ornatu
709 814 935 872 constris,
981 810 1036 856 nn

81 911 180 970 ovio
203 916 452 961 asseranica
474 917 740 963 narnrusnrr
763 918 951 962 casanat.
984 894 1038 963 Ea
1084 894 1087 899 ’

79 1011 236 1084 potestas
256 1022 322 1088 per
347 999 535 1078 Senatum,
576 1024 674 1067 more
692 1003 863 1081 Romano,
908 1005 1036 1090 magis-

81 1109 191 1165 tratui
216 1124 378 1169 maxuma
403 1109 646 1195 permittitur:
680 1111 871 1172 exercitum
898 1127 1033 1194 parare,

81 1200 213 1272 bellum
240 1230 380 1296 gerere,
408 1224 569 1275 coercere
594 1210 756 1276 omnibus
780 1210 894 1276 modis
921 1215 1051 1276 socios'

81 1325 187 1399 atque
209 1317 315 1392 ciuis;
346 1312 443 1380 domi
468 1312 687 1405 militiaeque
714 1312 905 1406 imperium
927 1329 1038 1404 atqua

81 1415 254 1483 iudicium
279 1406 457 1485 summum
482 1419 618 1485 habete.
664 1418 779 1499 aliter,
808 1427 883 1487 sine
908 1394 1036 1512 populi

82 1526 196 1604 iussu,
224 1520 315 1592 nulli
340 1547 462 1593 aarum
488 1547 609 1593 rerum
638 1523 772 1595 consuli
796 1531 851 1592 ius
879 1540 941 1592 est.

351 1666 512 1807 ¹aaa
559 1702 736 1771 XXVL

147 1834 231 1904 Post
243 1861 370 1928 paucos
384 1840 457 1907 dies
474 1841 513 1905 L.
537 1840 680 1908 Saenius
698 1858 838 1911 senator
849 1847 889 1908 in
902 1841 1038 1909 Senatu

82 1937 216 2010 litteras
232 1951 408 2025 recitauit,
433 1969 518 2036 quas
536 1945 687 2013 Faesulis
709 1948 838 2015 adlatas
855 1945 922 2013 sibi
940 1946 1037 2013 dice-

82 2046 164 2127 bat,
188 2054 228 2115 in
244 2050 369 2140 quibus
382 2058 554 2142 scriptum
569 2069 654 2133 erat,
684 2052 723 2119 C.
744 2051 922 2121 Manlium
937 2073 1037 2117 arma

82 2159 240 2243 cepisse,
281 2150 363 2223 cum
391 2180 515 2247 magna
540 2157 768 2225 multitudine
779 2206 791 2239 ,
829 2156 1037 2224 antediem

82 2279 128 2324 tv.
154 2256 323 2327 Kalendas
336 2263 558 2329 Nouembris.
609 2261 724 2329 Simul
739 2263 788 2342 id,
811 2262 904 2355 quod
919 2267 957 2327 in
970 2258 1036 2327 tali

81 2387 120 2430 re
136 2363 236 2446 solet,
260 2365 321 2433 alii
335 2384 499 2458 portenta
513 2384 617 2457 atque
634 2367 792 2458 prodigia
806 2366 1033 2459 nunciabant,

80 2467 141 2535 alii
160 2488 353 2540 conuentus
374 2471 465 2551 fieri,
490 2496 586 2538 arma
598 2480 743 2563 portari,
771 2473 911 2563 Capuae
929 2487 1037 2562 atque

81 2582 119 2641 in
141 2576 270 2668 Apulia
292 2577 420 2643 seruile
438 2575 570 2644 bellum
590 2586 735 2644 moueri.
785 2581 896 2670 Igitur
913 2578 1037 2644 Senati

80 2681 223 2747 decreto
251 2684 293 2770 Q.
321 2683 475 2748 Marcius
503 2684 575 2749 Rex
592 2683 761 2763 Faesulas,
791 2685 834 2772 Q.
865 2679 1036 2749 Metellus

81 2786 241 2853 Creticus
266 2794 304 2851 in
327 2786 494 2878 Apuliam
520 2795 723 2879 circumque
751 2787 828 2857 loca
852 2794 965 2855 missi:
1002 2788 1036 2854 Ii

80 2897 218 2980 vtrique
243 2892 286 2958 ad
312 2893 432 2959 vrbem
459 2893 689 2982 Imperatores
710 2911 825 2974 erant;
855 2893 1032 2986 impediti,

80 3019 124 3062 ne
160 2999 436 3087 triumpharent,
478 2998 652 3065 calumnia
680 3023 873 3091 paucorum
907 2999 1034 3090 quibus

80 3108 200 3169 omnia
239 3104 385 3178 honesta
414 3120 519 3194 atque
555 3105 736 3172 inhonesta
769 3105 919 3172 vendere
956 3126 1035 3171 mos

81 3224 164 3273 erat.
198 3208 266 3274 Sed
281 3210 459 3277 Praetores
475 3211 518 3298 Q.
536 3210 722 3301 Pompeius
737 3209 847 3277 Rufus
862 3210 1033 3300 Capuam,

79 3314 123 3401 Q.
148 3312 315 3381 Metellus
343 3314 446 3382 Celer
471 3321 508 3380 in
535 3339 658 3404 agrum
687 3317 856 3384 Picenum
869 3341 879 3396 3
921 3321 1036 3404 iisque

78 3425 305 3510 permissum:
338 3426 394 3486 vti
408 3446 472 3513 pro
491 3440 639 3511 tempore
655 3441 759 3514 atque
771 3423 924 3513 periculo
942 3443 1035 3487 eaer-
1082 3446 1087 3457 ·

79 3529 187 3589 citum
205 3545 449 3616 compararent.
477 3525 520 3592 ad
542 3525 621 3606 hoc,
654 3532 686 3592 si
709 3533 787 3619 quit
812 3529 1038 3594 indicaunsec
1066 3582 1069 3589 .

76 3630 121 3698 de
141 3635 389 3716 coniuratione,
407 3652 508 3723 ,quae
528 3649 648 3702 concta
672 3635 917 3726 rempublicam
928 3631 1036 3725 sacca
