<?xml version="1.0" encoding="UTF-8"?>
<!DOCTYPE html PUBLIC "-//W3C//DTD XHTML 1.0 Transitional//EN"
    "http://www.w3.org/TR/xhtml1/DTD/xhtml1-transitional.dtd">
<html xmlns="http://www.w3.org/1999/xhtml" xml:lang="en" lang="en">
 <head>
  <title>
</title>
<meta http-equiv="Content-Type" content="text/html;charset=utf-8" />
  <meta name='ocr-system' content='tesseract 3.04.00' />
  <meta name='ocr-capabilities' content='ocr_page ocr_carea ocr_par ocr_line ocrx_word'/>
</head>
<body>
  <div class='ocr_page' id='page_1' title='image "./caivscrispvssal00sallgoog_0273.png"; bbox 0 0 2258 3998; ppageno 0'>
   <div class='ocr_carea' id='block_1_1' title="bbox 94 80 1125 187">
    <p class='ocr_par' dir='ltr' id='par_1_1' title="bbox 94 80 1125 187">
     <span class='ocr_line' id='line_1_1' title="bbox 94 80 1125 187; baseline -0.003 -1"><span class='ocrx_word' id='word_1_1' title='bbox 94 118 209 186; x_wconf 80' lang='lat'>266</span> <span class='ocrx_word' id='word_1_2' title='bbox 241 80 290 139; x_wconf 55' lang='lat'><em>³</em></span> <span class='ocrx_word' id='word_1_3' title='bbox 297 95 974 187; x_wconf 54' lang='grc' dir='ltr'>66666666·6161ῑο’ῑ’1”·’</span> <span class='ocrx_word' id='word_1_4' title='bbox 1020 92 1028 137; x_wconf 70' lang='lat'><strong>²</strong></span> <span class='ocrx_word' id='word_1_5' title='bbox 1122 162 1125 169; x_wconf 85' lang='lat'><strong>.</strong></span> 
     </span>
    </p>
   </div>
   <div class='ocr_carea' id='block_1_2' title="bbox 26 263 1106 3736">
    <p class='ocr_par' dir='ltr' id='par_1_2' title="bbox 95 263 1049 546">
     <span class='ocr_line' id='line_1_2' title="bbox 174 263 1049 357; baseline -0.006 -23"><span class='ocrx_word' id='word_1_6' title='bbox 174 297 206 355; x_wconf 90' lang='lat' dir='ltr'>p.</span> <span class='ocrx_word' id='word_1_7' title='bbox 231 277 287 357; x_wconf 84' lang='lat'>1&#39;39</span> <span class='ocrx_word' id='word_1_8' title='bbox 324 295 365 334; x_wconf 88' lang='lat' dir='ltr'>ne</span> <span class='ocrx_word' id='word_1_9' title='bbox 394 274 470 356; x_wconf 85' lang='lat' dir='ltr'>quis·</span> <span class='ocrx_word' id='word_1_10' title='bbox 492 274 615 334; x_wconf 76' lang='lat' dir='ltr'>moth</span> <span class='ocrx_word' id='word_1_11' title='bbox 605 294 640 332; x_wconf 80' lang='lat' dir='ltr'>tn</span> <span class='ocrx_word' id='word_1_12' title='bbox 659 273 898 333; x_wconf 82' lang='lat' dir='ltr'>conscientiam</span> <span class='ocrx_word' id='word_1_13' title='bbox 907 263 1049 330; x_wconf 75' lang='lat' dir='ltr'>duceret.</span> 
     </span>
     <span class='ocr_line' id='line_1_3' title="bbox 95 368 1055 464; baseline -0.002 -37"><span class='ocrx_word' id='word_1_14' title='bbox 95 368 149 427; x_wconf 63' lang='lat' dir='ltr'>V.</span> <span class='ocrx_word' id='word_1_15' title='bbox 151 371 192 428; x_wconf 65' lang='lat' dir='ltr'>Hi</span> <span class='ocrx_word' id='word_1_16' title='bbox 216 392 258 431; x_wconf 86' lang='lat' dir='ltr'>no</span> <span class='ocrx_word' id='word_1_17' title='bbox 272 371 360 453; x_wconf 85' lang='lat' dir='ltr'>haya</span> <span class='ocrx_word' id='word_1_18' title='bbox 381 373 478 452; x_wconf 88' lang='lat' dir='ltr'>quien</span> <span class='ocrx_word' id='word_1_19' title='bbox 501 368 659 464; x_wconf 59' lang='grc'>6666116666</span> <span class='ocrx_word' id='word_1_20' title='bbox 680 371 726 429; x_wconf 88' lang='lat' dir='ltr'>mi</span> <span class='ocrx_word' id='word_1_21' title='bbox 743 368 897 459; x_wconf 79' lang='grc'>61166616’</span> <span class='ocrx_word' id='word_1_22' title='bbox 894 388 913 426; x_wconf 97' lang='grc'>6</span> <span class='ocrx_word' id='word_1_23' title='bbox 931 370 1055 428; x_wconf 80' lang='lat' dir='ltr'>remor-</span> 
     </span>
     <span class='ocr_line' id='line_1_4' title="bbox 99 466 420 591; baseline 0.003 -66"><span class='ocrx_word' id='word_1_24' title='bbox 99 466 251 591; x_wconf 82' lang='lat' dir='ltr'>dimiento</span> <span class='ocrx_word' id='word_1_25' title='bbox 275 488 295 527; x_wconf 92' lang='lat' dir='ltr'>o</span> <span class='ocrx_word' id='word_1_26' title='bbox 320 466 420 546; x_wconf 86' lang='lat' dir='ltr'>culpa.</span> 
     </span>
    </p>

    <p class='ocr_par' dir='ltr' id='par_1_3' title="bbox 100 548 1057 836">
     <span class='ocr_line' id='line_1_5' title="bbox 176 548 1057 641; baseline -0.006 -18.89"><span class='ocrx_word' id='word_1_27' title='bbox 176 578 203 611; x_wconf 74' lang='lat'>·&gt;</span> <span class='ocrx_word' id='word_1_28' title='bbox 241 596 269 607; x_wconf 88' lang='grc'>·-</span> <span class='ocrx_word' id='word_1_29' title='bbox 307 584 470 623; x_wconf 71' lang='lat' dir='ltr'>sitammam</span> <span class='ocrx_word' id='word_1_30' title='bbox 500 563 575 621; x_wconf 77' lang='lat' dir='ltr'>hon.</span> <span class='ocrx_word' id='word_1_31' title='bbox 594 548 832 641; x_wconf 65' lang='lat' dir='ltr'>(consulam)</span> <span class='ocrx_word' id='word_1_32' title='bbox 861 580 1057 618; x_wconf 75' lang='lat' dir='ltr'>maximum</span> 
     </span>
     <span class='ocr_line' id='line_1_6' title="bbox 100 648 1053 789; baseline -0.001 -74"><span class='ocrx_word' id='word_1_33' title='bbox 100 676 197 736; x_wconf 80' lang='lat' dir='ltr'>nego.</span> <span class='ocrx_word' id='word_1_34' title='bbox 194 648 316 736; x_wconf 71' lang='lat' dir='ltr'>·.(prtiu</span> <span class='ocrx_word' id='word_1_35' title='bbox 339 659 509 721; x_wconf 75' lang='lat' dir='ltr'><strong>Numidiae</strong></span> <span class='ocrx_word' id='word_1_36' title='bbox 529 658 766 743; x_wconf 77' lang='lat' dir='ltr'>gubernandam</span> <span class='ocrx_word' id='word_1_37' title='bbox 785 650 969 789; x_wconf 74' lang='lat' dir='ltr'>be&#39;lltrmque</span> <span class='ocrx_word' id='word_1_38' title='bbox 982 657 1053 773; x_wconf 78' lang='lat' dir='ltr'>Ing.</span> 
     </span>
     <span class='ocr_line' id='line_1_7' title="bbox 101 753 771 869; baseline 0.008 -59"><span class='ocrx_word' id='word_1_39' title='bbox 101 753 434 869; x_wconf 67' lang='grc' dir='ltr'>66166166166666116666)’Ι</span> <span class='ocrx_word' id='word_1_40' title='bbox 458 779 479 795; x_wconf 90' lang='grc'>···</span> <span class='ocrx_word' id='word_1_41' title='bbox 604 784 631 793; x_wconf 95' lang='grc'>··</span> <span class='ocrx_word' id='word_1_42' title='bbox 702 788 706 795; x_wconf 91' lang='grc'>·</span> <span class='ocrx_word' id='word_1_43' title='bbox 735 770 771 790; x_wconf 78' lang='grc'>···</span> 
     </span>
    </p>

    <p class='ocr_par' dir='ltr' id='par_1_4' title="bbox 103 851 1074 1224">
     <span class='ocr_line' id='line_1_8' title="bbox 249 851 1074 935; baseline -0.005 -22.692"><span class='ocrx_word' id='word_1_44' title='bbox 249 854 471 912; x_wconf 79' lang='lat' dir='ltr'>-eieaerices</span> <span class='ocrx_word' id='word_1_45' title='bbox 489 852 629 912; x_wconf 82' lang='lat' dir='ltr'>aduorso</span> <span class='ocrx_word' id='word_1_46' title='bbox 646 862 790 935; x_wconf 77' lang='lat' dir='ltr'>corpore.</span> <span class='ocrx_word' id='word_1_47' title='bbox 800 851 876 910; x_wconf 87' lang='grc'>166·</span> <span class='ocrx_word' id='word_1_48' title='bbox 893 868 967 910; x_wconf 85' lang='lat' dir='ltr'>vera</span> <span class='ocrx_word' id='word_1_49' title='bbox 987 851 1058 931; x_wconf 88' lang='lat' dir='ltr'>qui·</span> <span class='ocrx_word' id='word_1_50' title='bbox 1068 856 1074 871; x_wconf 79' lang='lat'><strong>⁴</strong></span> 
     </span>
     <span class='ocr_line' id='line_1_9' title="bbox 103 943 1059 1029; baseline 0.003 -27"><span class='ocrx_word' id='word_1_51' title='bbox 103 943 276 1027; x_wconf 76' lang='lat' dir='ltr'>demptae</span> <span class='ocrx_word' id='word_1_52' title='bbox 283 967 314 1006; x_wconf 86' lang='lat' dir='ltr'>se</span> <span class='ocrx_word' id='word_1_53' title='bbox 334 947 470 1020; x_wconf 62' lang='lat' dir='ltr'>ferebam</span> <span class='ocrx_word' id='word_1_54' title='bbox 493 951 548 1010; x_wconf 83' lang='lat' dir='ltr'>sed</span> <span class='ocrx_word' id='word_1_55' title='bbox 567 948 714 1029; x_wconf 80' lang='lat' dir='ltr'>probiore</span> <span class='ocrx_word' id='word_1_56' title='bbox 729 949 834 1009; x_wconf 81' lang='lat' dir='ltr'>eniino</span> <span class='ocrx_word' id='word_1_57' title='bbox 848 946 911 1015; x_wconf 85' lang='grc'>1116,</span> <span class='ocrx_word' id='word_1_58' title='bbox 935 946 974 1004; x_wconf 89' lang='lat' dir='ltr'>de</span> <span class='ocrx_word' id='word_1_59' title='bbox 992 966 1059 1026; x_wconf 85' lang='lat' dir='ltr'>quo</span> 
     </span>
     <span class='ocr_line' id='line_1_10' title="bbox 103 1020 1060 1133; baseline 0.002 -35"><span class='ocrx_word' id='word_1_60' title='bbox 103 1020 212 1099; x_wconf 86' lang='lat' dir='ltr'>Liuius</span> <span class='ocrx_word' id='word_1_61' title='bbox 225 1042 269 1101; x_wconf 92' lang='grc'>11.-</span> <span class='ocrx_word' id='word_1_62' title='bbox 285 1043 364 1103; x_wconf 75' lang='lat'>23.</span> <span class='ocrx_word' id='word_1_63' title='bbox 355 1066 419 1125; x_wconf 82' lang='lat' dir='ltr'>ipse</span> <span class='ocrx_word' id='word_1_64' title='bbox 439 1060 528 1106; x_wconf 86' lang='lat' dir='ltr'>testes</span> <span class='ocrx_word' id='word_1_65' title='bbox 548 1045 747 1133; x_wconf 79' lang='lat' dir='ltr'>horsertarum</span> <span class='ocrx_word' id='word_1_66' title='bbox 767 1042 892 1125; x_wconf 78' lang='lat' dir='ltr'>aliqnot</span> <span class='ocrx_word' id='word_1_67' title='bbox 903 1041 979 1102; x_wconf 85' lang='lat' dir='ltr'>loeis</span> <span class='ocrx_word' id='word_1_68' title='bbox 999 1062 1060 1122; x_wconf 89' lang='lat' dir='ltr'>pu·</span> 
     </span>
     <span class='ocr_line' id='line_1_11' title="bbox 104 1120 970 1224; baseline 0.002 -29"><span class='ocrx_word' id='word_1_69' title='bbox 104 1143 261 1218; x_wconf 68' lang='lat' dir='ltr'>gnarum,-</span> <span class='ocrx_word' id='word_1_70' title='bbox 267 1120 429 1200; x_wconf 66' lang='lat' dir='ltr'>amatrices</span> <span class='ocrx_word' id='word_1_71' title='bbox 450 1140 590 1202; x_wconf 77' lang='lat' dir='ltr'>aduerso</span> <span class='ocrx_word' id='word_1_72' title='bbox 610 1155 747 1224; x_wconf 78' lang='lat' dir='ltr'>pectore</span> <span class='ocrx_word' id='word_1_73' title='bbox 756 1134 970 1201; x_wconf 65' lang='lat' dir='ltr'>ostentabat·-</span> 
     </span>
    </p>

    <p class='ocr_par' dir='ltr' id='par_1_5' title="bbox 185 1235 1060 1327">
     <span class='ocr_line' id='line_1_12' title="bbox 185 1235 1060 1327; baseline 0 -34"><span class='ocrx_word' id='word_1_74' title='bbox 185 1266 210 1278; x_wconf 94' lang='lat'><em>-</em></span> <span class='ocrx_word' id='word_1_75' title='bbox 248 1268 273 1280; x_wconf 90' lang='lat'><em>-</em></span> <span class='ocrx_word' id='word_1_76' title='bbox 312 1235 368 1295; x_wconf 89' lang='lat' dir='ltr'>His</span> <span class='ocrx_word' id='word_1_77' title='bbox 388 1258 446 1319; x_wconf 81' lang='lat' dir='ltr'>ego</span> <span class='ocrx_word' id='word_1_78' title='bbox 466 1240 638 1327; x_wconf 72' lang='lat' dir='ltr'>praeceptis</span> <span class='ocrx_word' id='word_1_79' title='bbox 656 1270 682 1285; x_wconf 90' lang='lat'>·-</span> <span class='ocrx_word' id='word_1_80' title='bbox 706 1237 747 1295; x_wconf 85' lang='lat' dir='ltr'>H.</span> <span class='ocrx_word' id='word_1_81' title='bbox 770 1237 810 1295; x_wconf 81' lang='lat' dir='ltr'>V.</span> <span class='ocrx_word' id='word_1_82' title='bbox 832 1237 902 1297; x_wconf 81' lang='lat' dir='ltr'>e&#39;on</span> <span class='ocrx_word' id='word_1_83' title='bbox 923 1248 989 1294; x_wconf 83' lang='lat' dir='ltr'>este</span> <span class='ocrx_word' id='word_1_84' title='bbox 1007 1254 1060 1294; x_wconf 85' lang='lat' dir='ltr'>ex-</span> 
     </span>
    </p>

    <p class='ocr_par' dir='ltr' id='par_1_6' title="bbox 26 1318 1106 2862">
     <span class='ocr_line' id='line_1_13' title="bbox 106 1318 1061 1411; baseline 0.004 -27"><span class='ocrx_word' id='word_1_85' title='bbox 106 1325 219 1407; x_wconf 83' lang='lat' dir='ltr'>emplo</span> <span class='ocrx_word' id='word_1_86' title='bbox 256 1323 315 1390; x_wconf 89' lang='lat' dir='ltr'>Ad</span> <span class='ocrx_word' id='word_1_87' title='bbox 334 1352 457 1392; x_wconf 88' lang='lat' dir='ltr'>sensum</span> <span class='ocrx_word' id='word_1_88' title='bbox 478 1318 569 1401; x_wconf 68' lang='lat' dir='ltr'>hehe,</span> <span class='ocrx_word' id='word_1_89' title='bbox 592 1335 651 1393; x_wconf 90' lang='lat' dir='ltr'>vti</span> <span class='ocrx_word' id='word_1_90' title='bbox 657 1334 751 1394; x_wconf 87' lang='lat' dir='ltr'>etiam</span> <span class='ocrx_word' id='word_1_91' title='bbox 770 1328 885 1391; x_wconf 84' lang='lat' dir='ltr'>Valla</span> <span class='ocrx_word' id='word_1_92' title='bbox 876 1345 1061 1411; x_wconf 80' lang='lat' dir='ltr'>interpreta-</span> 
     </span>
     <span class='ocr_line' id='line_1_14' title="bbox 26 1420 1061 1510; baseline 0.007 -30"><span class='ocrx_word' id='word_1_93' title='bbox 26 1420 29 1425; x_wconf 51' lang='lat'><strong>⁴</strong></span> <span class='ocrx_word' id='word_1_94' title='bbox 106 1435 177 1481; x_wconf 86' lang='lat' dir='ltr'>tur.</span> <span class='ocrx_word' id='word_1_95' title='bbox 199 1423 373 1499; x_wconf 88' lang='lat' dir='ltr'>hortabor,</span> <span class='ocrx_word' id='word_1_96' title='bbox 379 1445 414 1490; x_wconf 87' lang='lat' dir='ltr'>vt</span> <span class='ocrx_word' id='word_1_97' title='bbox 432 1451 483 1490; x_wconf 88' lang='lat' dir='ltr'>me</span> <span class='ocrx_word' id='word_1_98' title='bbox 503 1433 675 1500; x_wconf 82' lang='lat' dir='ltr'>imitentur,</span> <span class='ocrx_word' id='word_1_99' title='bbox 696 1424 822 1498; x_wconf 79' lang='lat' dir='ltr'>facient,</span> <span class='ocrx_word' id='word_1_100' title='bbox 843 1441 878 1487; x_wconf 73' lang='lat' dir='ltr'>vt</span> <span class='ocrx_word' id='word_1_101' title='bbox 896 1447 955 1510; x_wconf 80' lang='lat' dir='ltr'>ego</span> <span class='ocrx_word' id='word_1_102' title='bbox 962 1425 1061 1487; x_wconf 83' lang='lat' dir='ltr'>feee-</span> 
     </span>
     <span class='ocr_line' id='line_1_15' title="bbox 107 1514 1078 1592; baseline 0.006 -14"><span class='ocrx_word' id='word_1_103' title='bbox 107 1539 143 1579; x_wconf 88' lang='lat' dir='ltr'>re</span> <span class='ocrx_word' id='word_1_104' title='bbox 163 1525 321 1582; x_wconf 85' lang='lat' dir='ltr'>consueui.</span> <span class='ocrx_word' id='word_1_105' title='bbox 383 1527 428 1585; x_wconf 88' lang='lat' dir='ltr'>Vt</span> <span class='ocrx_word' id='word_1_106' title='bbox 446 1514 552 1588; x_wconf 83' lang='lat' dir='ltr'>tamen</span> <span class='ocrx_word' id='word_1_107' title='bbox 572 1532 636 1590; x_wconf 79' lang='lat' dir='ltr'>non</span> <span class='ocrx_word' id='word_1_108' title='bbox 663 1527 815 1586; x_wconf 80' lang='lat' dir='ltr'>existimes</span> <span class='ocrx_word' id='word_1_109' title='bbox 842 1539 916 1584; x_wconf 78' lang='lat' dir='ltr'>oum</span> <span class='ocrx_word' id='word_1_110' title='bbox 939 1520 1078 1592; x_wconf 61' lang='lat' dir='ltr'>Certim*</span> 
     </span>
     <span class='ocr_line' id='line_1_16' title="bbox 106 1617 1064 1702; baseline 0.004 -27"><span class='ocrx_word' id='word_1_111' title='bbox 106 1637 166 1696; x_wconf 88' lang='lat' dir='ltr'>per-</span> <span class='ocrx_word' id='word_1_112' title='bbox 184 1638 216 1676; x_wconf 89' lang='lat' dir='ltr'>se</span> <span class='ocrx_word' id='word_1_113' title='bbox 237 1635 267 1678; x_wconf 88' lang='grc'>66</span> <span class='ocrx_word' id='word_1_114' title='bbox 294 1641 331 1680; x_wconf 86' lang='lat' dir='ltr'>ex</span> <span class='ocrx_word' id='word_1_115' title='bbox 359 1626 510 1683; x_wconf 79' lang='lat' dir='ltr'>sententia</span> <span class='ocrx_word' id='word_1_116' title='bbox 528 1625 624 1687; x_wconf 85' lang='lat' dir='ltr'>Marii</span> <span class='ocrx_word' id='word_1_117' title='bbox 642 1620 924 1702; x_wconf 76' lang='lat' dir='ltr'>·vtmmque‘·idem</span> <span class='ocrx_word' id='word_1_118' title='bbox 944 1617 1064 1687; x_wconf 75' lang='lat' dir='ltr'>velere·¹</span> 
     </span>
     <span class='ocr_line' id='line_1_17' title="bbox 103 1700 1091 1799; baseline 0.007 -30"><span class='ocrx_word' id='word_1_119' title='bbox 103 1713 231 1772; x_wconf 85' lang='lat' dir='ltr'>Alludit</span> <span class='ocrx_word' id='word_1_120' title='bbox 249 1718 399 1777; x_wconf 87' lang='lat' dir='ltr'>nimirum</span> <span class='ocrx_word' id='word_1_121' title='bbox 417 1719 481 1780; x_wconf 87' lang='lat' dir='ltr'>hoo</span> <span class='ocrx_word' id='word_1_122' title='bbox 501 1722 615 1792; x_wconf 79' lang='lat' dir='ltr'>verbo,</span> <span class='ocrx_word' id='word_1_123' title='bbox 649 1721 690 1781; x_wconf 81' lang='lat' dir='ltr'>ed</span> <span class='ocrx_word' id='word_1_124' title='bbox 708 1700 883 1799; x_wconf 73' lang='lat' dir='ltr'>praecepta·</span> <span class='ocrx_word' id='word_1_125' title='bbox 901 1717 1063 1777; x_wconf 80' lang='grc'>(16661666</span> <span class='ocrx_word' id='word_1_126' title='bbox 1088 1708 1091 1713; x_wconf 55' lang='grc'><em>“</em></span> 
     </span>
     <span class='ocr_line' id='line_1_18' title="bbox 110 1811 1072 1897; baseline 0.005 -29"><span class='ocrx_word' id='word_1_127' title='bbox 110 1811 306 1872; x_wconf 85' lang='lat' dir='ltr'>Graecorum</span> <span class='ocrx_word' id='word_1_128' title='bbox 326 1814 467 1895; x_wconf 82' lang='lat' dir='ltr'>inprimis</span> <span class='ocrx_word' id='word_1_129' title='bbox 488 1814 745 1897; x_wconf 87' lang='lat' dir='ltr'>Philosophorum</span> <span class='ocrx_word' id='word_1_130' title='bbox 765 1826 803 1872; x_wconf 35' lang='lat' dir='ltr'>et⁸</span> <span class='ocrx_word' id='word_1_131' title='bbox 816 1814 849 1870; x_wconf 86' lang='lat' dir='ltr'>in&#39;</span> <span class='ocrx_word' id='word_1_132' title='bbox 875 1811 1072 1873; x_wconf 64' lang='lat' dir='ltr'>his-‘stoico</span> 
     </span>
     <span class='ocr_line' id='line_1_19' title="bbox 109 1909 1064 1989; baseline 0.002 -23"><span class='ocrx_word' id='word_1_133' title='bbox 109 1922 192 1974; x_wconf 83' lang='lat' dir='ltr'>rum,</span> <span class='ocrx_word' id='word_1_134' title='bbox 216 1909 329 1989; x_wconf 69' lang='lat' dir='ltr'>quibus</span> <span class='ocrx_word' id='word_1_135' title='bbox 349 1910 438 1972; x_wconf 89' lang='lat' dir='ltr'>multi</span> <span class='ocrx_word' id='word_1_136' title='bbox 454 1914 540 1974; x_wconf 78' lang='grc'>16661</span> <span class='ocrx_word' id='word_1_137' title='bbox 558 1915 719 1972; x_wconf 78' lang='lat' dir='ltr'>Senatores</span> <span class='ocrx_word' id='word_1_138' title='bbox 738 1910 988 1989; x_wconf 78' lang='lat' dir='ltr'>istiustemporis</span> <span class='ocrx_word' id='word_1_139' title='bbox 1008 1909 1064 1969; x_wconf 86' lang='lat' dir='ltr'>ad·</span> 
     </span>
     <span class='ocr_line' id='line_1_20' title="bbox 110 1999 1066 2090; baseline 0.004 -30"><span class='ocrx_word' id='word_1_140' title='bbox 110 1999 293 2075; x_wconf 82' lang='lat' dir='ltr'>haerebant,</span> <span class='ocrx_word' id='word_1_141' title='bbox 328 2021 359 2065; x_wconf 93' lang='lat' dir='ltr'>et</span> <span class='ocrx_word' id='word_1_142' title='bbox 378 2007 548 2090; x_wconf 80' lang='lat' dir='ltr'>dequibus</span> <span class='ocrx_word' id='word_1_143' title='bbox 570 2006 727 2089; x_wconf 70' lang='lat' dir='ltr'>proxime</span> <span class='ocrx_word' id='word_1_144' title='bbox 743 2008 816 2066; x_wconf 79' lang='lat' dir='ltr'>euni</span> <span class='ocrx_word' id='word_1_145' title='bbox 841 2008 1001 2065; x_wconf 82' lang='lat' dir='ltr'>contemtu</span> <span class='ocrx_word' id='word_1_146' title='bbox 1021 2005 1066 2064; x_wconf 85' lang='lat' dir='ltr'>di·</span> 
     </span>
     <span class='ocr_line' id='line_1_21' title="bbox 110 2099 1106 2186; baseline 0.005 -31"><span class='ocrx_word' id='word_1_147' title='bbox 110 2114 199 2159; x_wconf 85' lang='lat' dir='ltr'>xeret</span> <span class='ocrx_word' id='word_1_148' title='bbox 225 2121 261 2159; x_wconf 86' lang='lat' dir='ltr'>ee</span> <span class='ocrx_word' id='word_1_149' title='bbox 289 2099 368 2162; x_wconf 79' lang='lat' dir='ltr'>nulli</span> <span class='ocrx_word' id='word_1_150' title='bbox 387 2107 453 2164; x_wconf 91' lang='lat' dir='ltr'>vsui</span> <span class='ocrx_word' id='word_1_151' title='bbox 473 2124 553 2176; x_wconf 84' lang='grc'>6666,</span> <span class='ocrx_word' id='word_1_152' title='bbox 575 2105 781 2186; x_wconf 87' lang='lat' dir='ltr'>&#39;opponendo</span> <span class='ocrx_word' id='word_1_153' title='bbox 810 2106 846 2161; x_wconf 83' lang='lat' dir='ltr'>iis</span> <span class='ocrx_word' id='word_1_154' title='bbox 856 2116 871 2172; x_wconf 93' lang='grc'>,’</span> <span class='ocrx_word' id='word_1_155' title='bbox 897 2115 977 2182; x_wconf 83' lang='lat' dir='ltr'>quae</span> <span class='ocrx_word' id='word_1_156' title='bbox 998 2103 1065 2181; x_wconf 91' lang='lat' dir='ltr'>ipse</span> <span class='ocrx_word' id='word_1_157' title='bbox 1102 2172 1106 2176; x_wconf 32' lang='grc'>,</span> 
     </span>
     <span class='ocr_line' id='line_1_22' title="bbox 112 2191 1064 2282; baseline 0.005 -31"><span class='ocrx_word' id='word_1_158' title='bbox 112 2191 224 2254; x_wconf 80' lang='lat' dir='ltr'>doetus</span> <span class='ocrx_word' id='word_1_159' title='bbox 258 2199 304 2256; x_wconf 82' lang='lat' dir='ltr'>sit.</span> <span class='ocrx_word' id='word_1_160' title='bbox 362 2199 473 2282; x_wconf 85' lang='lat' dir='ltr'>Itaque</span> <span class='ocrx_word' id='word_1_161' title='bbox 509 2205 607 2263; x_wconf 89' lang='lat' dir='ltr'>oratio</span> <span class='ocrx_word' id='word_1_162' title='bbox 639 2199 922 2281; x_wconf 70' lang='lat' dir='ltr'>circumscribendo</span> <span class='ocrx_word' id='word_1_163' title='bbox 954 2197 1064 2258; x_wconf 77' lang='lat' dir='ltr'>&#39;foretz</span> 
     </span>
     <span class='ocr_line' id='line_1_23' title="bbox 112 2284 1067 2358; baseline 0.005 -10"><span class='ocrx_word' id='word_1_164' title='bbox 112 2284 202 2349; x_wconf 86' lang='lat' dir='ltr'>Non·</span> <span class='ocrx_word' id='word_1_165' title='bbox 218 2293 305 2352; x_wconf 84' lang='lat' dir='ltr'>vobis</span> <span class='ocrx_word' id='word_1_166' title='bbox 336 2296 510 2357; x_wconf 84' lang='lat' dir='ltr'>obtundam</span> <span class='ocrx_word' id='word_1_167' title='bbox 537 2320 636 2358; x_wconf 85' lang='lat' dir='ltr'>aures·</span> <span class='ocrx_word' id='word_1_168' title='bbox 652 2298 778 2358; x_wconf 73' lang='lat' dir='ltr'>illorum</span> <span class='ocrx_word' id='word_1_169' title='bbox 805 2286 961 2356; x_wconf 80' lang='lat' dir='ltr'>sententiis</span> <span class='ocrx_word' id='word_1_170' title='bbox 992 2314 1067 2353; x_wconf 86' lang='lat' dir='ltr'>acu·</span> 
     </span>
     <span class='ocr_line' id='line_1_24' title="bbox 113 2388 1064 2476; baseline 0.005 -32"><span class='ocrx_word' id='word_1_171' title='bbox 113 2388 160 2456; x_wconf 72' lang='lat' dir='ltr'>tis,</span> <span class='ocrx_word' id='word_1_172' title='bbox 179 2392 370 2469; x_wconf 74' lang='lat' dir='ltr'>sapientem</span> <span class='ocrx_word' id='word_1_173' title='bbox 396 2394 648 2476; x_wconf 73' lang='lat' dir='ltr'>nihil&#39;¹opinari,</span> <span class='ocrx_word' id='word_1_174' title='bbox 682 2396 803 2452; x_wconf 80' lang='lat' dir='ltr'>nullius</span> <span class='ocrx_word' id='word_1_175' title='bbox 822 2390 881 2450; x_wconf 71' lang='grc'>1161·</span> <span class='ocrx_word' id='word_1_176' title='bbox 889 2394 1064 2473; x_wconf 75' lang='lat' dir='ltr'>poenitere,</span> 
     </span>
     <span class='ocr_line' id='line_1_25' title="bbox 114 2484 1069 2570; baseline 0.008 -31"><span class='ocrx_word' id='word_1_177' title='bbox 114 2484 244 2542; x_wconf 79' lang='lat' dir='ltr'>nulla</span> <span class='ocrx_word' id='word_1_178' title='bbox 228 2505 264 2542; x_wconf 81' lang='lat' dir='ltr'>m</span> <span class='ocrx_word' id='word_1_179' title='bbox 283 2507 317 2544; x_wconf 87' lang='lat' dir='ltr'>re</span> <span class='ocrx_word' id='word_1_180' title='bbox 329 2490 421 2564; x_wconf 83' lang='lat' dir='ltr'>falli,</span> <span class='ocrx_word' id='word_1_181' title='bbox 442 2494 633 2549; x_wconf 69' lang='lat' dir='ltr'>sententiam</span> <span class='ocrx_word' id='word_1_182' title='bbox 653 2507 780 2549; x_wconf 71' lang='lat' dir='ltr'>inritare</span> <span class='ocrx_word' id='word_1_183' title='bbox 800 2506 991 2570; x_wconf 70' lang='lat' dir='ltr'>utinquam:</span> <span class='ocrx_word' id='word_1_184' title='bbox 1012 2487 1069 2547; x_wconf 81' lang='lat' dir='ltr'>sed</span> 
     </span>
     <span class='ocr_line' id='line_1_26' title="bbox 113 2580 1067 2666; baseline 0.006 -30"><span class='ocrx_word' id='word_1_185' title='bbox 113 2582 216 2659; x_wconf 85' lang='lat' dir='ltr'>potius</span> <span class='ocrx_word' id='word_1_186' title='bbox 227 2580 273 2640; x_wconf 84' lang='lat' dir='ltr'>his</span> <span class='ocrx_word' id='word_1_187' title='bbox 286 2588 473 2666; x_wconf 78' lang='lat' dir='ltr'>praeceptis,</span> <span class='ocrx_word' id='word_1_188' title='bbox 497 2587 618 2646; x_wconf 77' lang='lat' dir='ltr'>lr&#39;oitetit</span> <span class='ocrx_word' id='word_1_189' title='bbox 633 2588 770 2645; x_wconf 79' lang='lat' dir='ltr'>viriliter</span> <span class='ocrx_word' id='word_1_190' title='bbox 782 2583 973 2666; x_wconf 70' lang='lat' dir='ltr'>jeriendtlm</span> <span class='ocrx_word' id='word_1_191' title='bbox 990 2596 1067 2654; x_wconf 79' lang='lat' dir='ltr'>esse,</span> 
     </span>
     <span class='ocr_line' id='line_1_27' title="bbox 111 2666 1070 2763; baseline 0.004 -31"><span class='ocrx_word' id='word_1_192' title='bbox 111 2676 282 2757; x_wconf 75' lang='lat' dir='ltr'>praesidia</span> <span class='ocrx_word' id='word_1_193' title='bbox 310 2692 410 2762; x_wconf 80' lang='lat' dir='ltr'>atque</span> <span class='ocrx_word' id='word_1_194' title='bbox 441 2684 592 2762; x_wconf 76' lang='lat' dir='ltr'>vigilias</span> <span class='ocrx_word' id='word_1_195' title='bbox 603 2666 787 2763; x_wconf 74' lang='lat' dir='ltr'>diligenter</span> <span class='ocrx_word' id='word_1_196' title='bbox 802 2681 925 2758; x_wconf 60' lang='grc' dir='ltr'>66166νί</span> <span class='ocrx_word' id='word_1_197' title='bbox 954 2677 1070 2739; x_wconf 84' lang='lat' dir='ltr'>debere</span> 
     </span>
     <span class='ocr_line' id='line_1_28' title="bbox 117 2771 977 2862; baseline 0.005 -33"><span class='ocrx_word' id='word_1_198' title='bbox 117 2771 279 2853; x_wconf 87' lang='lat' dir='ltr'>(reliquis,</span> <span class='ocrx_word' id='word_1_199' title='bbox 303 2797 395 2857; x_wconf 87' lang='lat' dir='ltr'>quae</span> <span class='ocrx_word' id='word_1_200' title='bbox 403 2779 468 2858; x_wconf 85' lang='lat' dir='ltr'>ipse</span> <span class='ocrx_word' id='word_1_201' title='bbox 488 2779 626 2862; x_wconf 85' lang='lat' dir='ltr'>addidit)</span> <span class='ocrx_word' id='word_1_202' title='bbox 652 2781 784 2838; x_wconf 80' lang='lat' dir='ltr'>militem</span> <span class='ocrx_word' id='word_1_203' title='bbox 805 2773 977 2858; x_wconf 55' lang='lat' dir='ltr'>impellam.</span> 
     </span>
    </p>

    <p class='ocr_par' dir='ltr' id='par_1_7' title="bbox 59 2858 1074 3342">
     <span class='ocr_line' id='line_1_29' title="bbox 196 2858 1071 2960; baseline 0.005 -33"><span class='ocrx_word' id='word_1_204' title='bbox 196 2890 226 2948; x_wconf 84' lang='lat' dir='ltr'>p.</span> <span class='ocrx_word' id='word_1_205' title='bbox 248 2876 311 2946; x_wconf 71' lang='lat'><strong>140.</strong></span> <span class='ocrx_word' id='word_1_206' title='bbox 336 2873 440 2955; x_wconf 79' lang='lat' dir='ltr'>neq&#39;ue</span> <span class='ocrx_word' id='word_1_207' title='bbox 459 2858 767 2960; x_wconf 61' lang='lat' dir='ltr'>histrionemlltrm</span> <span class='ocrx_word' id='word_1_208' title='bbox 787 2871 917 2957; x_wconf 81' lang='lat' dir='ltr'>(habeo,</span> <span class='ocrx_word' id='word_1_209' title='bbox 940 2892 1005 2953; x_wconf 91' lang='lat' dir='ltr'>quo</span> <span class='ocrx_word' id='word_1_210' title='bbox 1025 2873 1071 2931; x_wconf 87' lang='lat' dir='ltr'>in-</span> 
     </span>
     <span class='ocr_line' id='line_1_30' title="bbox 118 2966 1071 3048; baseline 0.004 -24"><span class='ocrx_word' id='word_1_211' title='bbox 118 2980 166 3024; x_wconf 88' lang='lat' dir='ltr'>ter</span> <span class='ocrx_word' id='word_1_212' title='bbox 193 2966 299 3046; x_wconf 83' lang='lat' dir='ltr'>opulas</span> <span class='ocrx_word' id='word_1_213' title='bbox 327 2970 507 3032; x_wconf 76' lang='lat' dir='ltr'>conuiueles</span> <span class='ocrx_word' id='word_1_214' title='bbox 525 2973 581 3033; x_wconf 74' lang='lat' dir='ltr'>&#39;ad</span> <span class='ocrx_word' id='word_1_215' title='bbox 606 2973 780 3034; x_wconf 84' lang='lat' dir='ltr'>saltandum</span> <span class='ocrx_word' id='word_1_216' title='bbox 808 2966 1071 3048; x_wconf 72' lang='lat' dir='ltr'>timendumque</span> 
     </span>
     <span class='ocr_line' id='line_1_31' title="bbox 59 3056 1074 3152; baseline -0.004 -27"><span class='ocrx_word' id='word_1_217' title='bbox 59 3093 62 3100; x_wconf 95' lang='lat'>·</span> <span class='ocrx_word' id='word_1_218' title='bbox 117 3065 237 3142; x_wconf 86' lang='lat' dir='ltr'>vterer)</span> <span class='ocrx_word' id='word_1_219' title='bbox 264 3083 368 3142; x_wconf 89' lang='lat' dir='ltr'>neque</span> <span class='ocrx_word' id='word_1_220' title='bbox 390 3056 495 3147; x_wconf 77' lang='lat' dir='ltr'>pluris</span> <span class='ocrx_word' id='word_1_221' title='bbox 516 3072 617 3152; x_wconf 78' lang='lat' dir='ltr'>pretii</span> <span class='ocrx_word' id='word_1_222' title='bbox 642 3071 771 3148; x_wconf 87' lang='lat' dir='ltr'>(maiori</span> <span class='ocrx_word' id='word_1_223' title='bbox 781 3081 894 3134; x_wconf 72' lang='lat' dir='ltr'>,sumtu</span> <span class='ocrx_word' id='word_1_224' title='bbox 913 3066 1074 3141; x_wconf 83' lang='lat' dir='ltr'>compare·</span> 
     </span>
     <span class='ocr_line' id='line_1_32' title="bbox 119 3150 1074 3246; baseline -0.005 -24"><span class='ocrx_word' id='word_1_225' title='bbox 119 3165 205 3241; x_wconf 87' lang='lat' dir='ltr'>tum)</span> <span class='ocrx_word' id='word_1_226' title='bbox 225 3180 374 3242; x_wconf 68' lang='lat' dir='ltr'>ceptrum,</span> <span class='ocrx_word' id='word_1_227' title='bbox 394 3150 490 3244; x_wconf 61' lang='lat' dir='ltr'>quam</span> <span class='ocrx_word' id='word_1_228' title='bbox 508 3164 649 3226; x_wconf 78' lang='lat' dir='ltr'>villicum</span> <span class='ocrx_word' id='word_1_229' title='bbox 668 3165 735 3246; x_wconf 73' lang='lat' dir='ltr'>(vti&#39;</span> <span class='ocrx_word' id='word_1_230' title='bbox 747 3159 911 3224; x_wconf 82' lang='lat' dir='ltr'>solent-illi</span> <span class='ocrx_word' id='word_1_231' title='bbox 922 3157 1074 3218; x_wconf 70' lang='lat' dir='ltr'>&#39;luxuriae</span> 
     </span>
     <span class='ocr_line' id='line_1_33' title="bbox 120 3261 1001 3342; baseline 0 -22"><span class='ocrx_word' id='word_1_232' title='bbox 120 3261 280 3342; x_wconf 74' lang='lat' dir='ltr'>magistri.)</span> <span class='ocrx_word' id='word_1_233' title='bbox 997 3276 1001 3281; x_wconf 83' lang='lat'><em>·</em></span> 
     </span>
    </p>

    <p class='ocr_par' dir='ltr' id='par_1_8' title="bbox 32 3352 1078 3634">
     <span class='ocr_line' id='line_1_34' title="bbox 200 3352 1076 3440; baseline -0.003 -27"><span class='ocrx_word' id='word_1_234' title='bbox 200 3388 229 3403; x_wconf 91' lang='lat'>-·</span> <span class='ocrx_word' id='word_1_235' title='bbox 266 3387 292 3401; x_wconf 93' lang='lat'>·-</span> <span class='ocrx_word' id='word_1_236' title='bbox 331 3358 449 3437; x_wconf 87' lang='lat' dir='ltr'>turpiss.</span> <span class='ocrx_word' id='word_1_237' title='bbox 472 3361 554 3440; x_wconf 85' lang='lat' dir='ltr'>parti</span> <span class='ocrx_word' id='word_1_238' title='bbox 573 3360 708 3440; x_wconf 84' lang='lat' dir='ltr'>corp.-</span> <span class='ocrx_word' id='word_1_239' title='bbox 683 3358 807 3416; x_wconf 82' lang='lat' dir='ltr'>-Eam</span> <span class='ocrx_word' id='word_1_240' title='bbox 827 3374 893 3434; x_wconf 87' lang='lat' dir='ltr'>cap.</span> <span class='ocrx_word' id='word_1_241' title='bbox 916 3352 956 3410; x_wconf 87' lang='lat' dir='ltr'>X.</span> <span class='ocrx_word' id='word_1_242' title='bbox 978 3371 1011 3430; x_wconf 93' lang='lat' dir='ltr'>p.</span> <span class='ocrx_word' id='word_1_243' title='bbox 1039 3369 1076 3408; x_wconf 81' lang='lat' dir='ltr'>ta</span> 
     </span>
     <span class='ocr_line' id='line_1_35' title="bbox 120 3448 1081 3536; baseline -0.013 -20"><span class='ocrx_word' id='word_1_244' title='bbox 120 3473 187 3516; x_wconf 87' lang='lat' dir='ltr'>non</span> <span class='ocrx_word' id='word_1_245' title='bbox 206 3453 368 3512; x_wconf 88' lang='lat' dir='ltr'>haesitauit</span> <span class='ocrx_word' id='word_1_246' title='bbox 387 3473 444 3515; x_wconf 90' lang='lat' dir='ltr'>suo</span> <span class='ocrx_word' id='word_1_247' title='bbox 465 3458 594 3516; x_wconf 86' lang='lat' dir='ltr'>nomine</span> <span class='ocrx_word' id='word_1_248' title='bbox 614 3454 786 3536; x_wconf 84' lang='lat' dir='ltr'>appellare,</span> <span class='ocrx_word' id='word_1_249' title='bbox 820 3465 854 3511; x_wconf 90' lang='lat' dir='ltr'>vt</span> <span class='ocrx_word' id='word_1_250' title='bbox 873 3448 980 3507; x_wconf 85' lang='lat' dir='ltr'>mirari</span> <span class='ocrx_word' id='word_1_251' title='bbox 1003 3464 1081 3526; x_wconf 87' lang='lat' dir='ltr'>pos·</span> 
     </span>
     <span class='ocr_line' id='line_1_36' title="bbox 32 3547 1078 3634; baseline -0.014 -21"><span class='ocrx_word' id='word_1_252' title='bbox 32 3590 36 3597; x_wconf 83' lang='lat'>·</span> <span class='ocrx_word' id='word_1_253' title='bbox 121 3556 177 3626; x_wconf 87' lang='lat' dir='ltr'>sis,</span> <span class='ocrx_word' id='word_1_254' title='bbox 209 3547 397 3614; x_wconf 79' lang='lat' dir='ltr'>vndeidem</span> <span class='ocrx_word' id='word_1_255' title='bbox 423 3549 475 3612; x_wconf 78' lang='lat' dir='ltr'>hie</span> <span class='ocrx_word' id='word_1_256' title='bbox 495 3552 697 3634; x_wconf 75' lang='lat' dir='ltr'>suppresserit</span> <span class='ocrx_word' id='word_1_257' title='bbox 714 3552 747 3610; x_wconf 91' lang='lat' dir='ltr'>in</span> <span class='ocrx_word' id='word_1_258' title='bbox 768 3549 908 3608; x_wconf 80' lang='lat' dir='ltr'>oratione</span> <span class='ocrx_word' id='word_1_259' title='bbox 928 3564 993 3603; x_wconf 89' lang='lat' dir='ltr'>non</span> <span class='ocrx_word' id='word_1_260' title='bbox 1014 3555 1078 3600; x_wconf 89' lang='lat' dir='ltr'>tam</span> 
     </span>
    </p>

    <p class='ocr_par' dir='ltr' id='par_1_9' title="bbox 120 3643 1081 3736">
     <span class='ocr_line' id='line_1_37' title="bbox 120 3643 1081 3736; baseline -0.018 -22"><span class='ocrx_word' id='word_1_261' title='bbox 120 3675 176 3717; x_wconf 86' lang='lat' dir='ltr'>sua</span> <span class='ocrx_word' id='word_1_262' title='bbox 195 3673 292 3736; x_wconf 84' lang='lat' dir='ltr'>quam</span> <span class='ocrx_word' id='word_1_263' title='bbox 311 3653 446 3716; x_wconf 89' lang='lat' dir='ltr'>hominis</span> <span class='ocrx_word' id='word_1_264' title='bbox 461 3648 611 3720; x_wconf 81' lang='lat' dir='ltr'>militaris,</span> <span class='ocrx_word' id='word_1_265' title='bbox 633 3649 721 3710; x_wconf 88' lang='lat' dir='ltr'>ouius</span> <span class='ocrx_word' id='word_1_266' title='bbox 740 3666 806 3707; x_wconf 84' lang='lat' dir='ltr'>non</span> <span class='ocrx_word' id='word_1_267' title='bbox 826 3643 912 3705; x_wconf 77' lang='lat' dir='ltr'>adeo</span> <span class='ocrx_word' id='word_1_268' title='bbox 928 3652 994 3700; x_wconf 84' lang='lat' dir='ltr'>eret</span> <span class='ocrx_word' id='word_1_269' title='bbox 1011 3656 1081 3733; x_wconf 65' lang='lat' dir='ltr'>vetb</span> 
     </span>
    </p>
   </div>
   <div class='ocr_carea' id='block_1_3' title="bbox 0 0 1160 3998">
    <p class='ocr_par' dir='ltr' id='par_1_10' title="bbox 0 0 1160 3998">
     <span class='ocr_line' id='line_1_38' title="bbox 0 0 1160 3998; baseline 0 0"><span class='ocrx_word' id='word_1_270' title='bbox 0 0 1160 3998; x_wconf 95' lang='lat' dir='ltr'> </span> 
     </span>
    </p>
   </div>
  </div>
 </body>
</html>
