2258 3998
326 108 816 197 IVGVRTHINVM.
985 131 1049 201 rod

95 276 168 347 sed
194 278 342 348 Metello
368 268 440 346 iar'n
466 297 567 348 antea
593 288 838 373 experimentis
865 293 1047 377 cognitum

93 401 174 452 erat
188 408 296 476 genus
310 384 543 454 Numidarum
563 387 723 469 infidum,
751 396 893 479 ingenio
909 391 1044 474 mobili,

93 504 270 558 nouarum
293 514 412 589 rerum
437 491 588 558 auidum.
637 496 759 585 Itaque
786 494 915 584 legatos
936 496 1046 563 alium

62 642 65 646 -
93 595 143 662 ab
166 594 236 663 alio
260 595 417 663 diuorsos
443 597 644 688 adgreditur
652 622 663 679 3
695 624 735 667 ac
762 600 945 691 paullatim
969 619 1045 668 ten·

93 694 219 781 tando,
257 719 442 792 postquam
474 720 691 795 opportunos
714 714 897 797 cognouit,
933 706 1045 775 multa

93 804 296 900 pollicendo
325 806 527 899 persuadet,
563 814 619 874 vti
648 811 856 898 Iugurtham
882 837 1047 880 maxum

91 917 239 993 viuum,
268 916 325 979 sin
359 915 399 979 id·
424 937 550 1003 partim
572 916 753 1003 procedat,
793 937 952 984 necasum
979 920 1047 985 sibi

92 1020 287 1085 traderent.-
326 1034 483 1086 ceterum
510 1017 646 1107 palem,
682 1042 770 1111 quae
796 1045 838 1090 ex
864 1021 1045 1095 voluntate

81 1124 221 1205 forent,
241 1130 502 1216 reginunciari
520 1122 628 1190 iubet.
677 1125 813 1194 Deinde
833 1134 908 1220 ipse
923 1134 1043 1220 paucis

89 1229 234 1310 diebus,
264 1237 402 1296 intento
424 1248 529 1320 atque
553 1231 680 1297 infesto
706 1240 878 1315 exercitu,
908 1240 947 1299 in
966 1234 1043 1301 Nu·

88 1334 239 1403 midiam
263 1333 441 1425 procedit·;
472 1335 542 1417 vbi,
566 1352 689 1405 contra
712 1334 795 1415 belli
821 1337 959 1418 faciem,
986 1354 1043 1407 tu-

88 1447 193 1531 guria
224 1438 330 1532 plena
356 1440 558 1519 hominum,
599 1462 728 1532 pecora
757 1439 979 1533 cultoresque
1005 1449 1043 1510 in
1110 1510 1113 1515 .

88 1551 197 1635 agris:
235 1568 278 1612 ex
304 1544 442 1637 oppidis
466 1560 503 1611 et
527 1545 721 1636 mapalibus
748 1546 916 1636 praefecti
939 1546 1044 1637 Regis

88 1649 190 1717 obuii
223 1650 478 1742 procedebant,
518 1658 650 1742 parati,
692 1650 912 1719 frumentum
947 1649 1046 1731 (lure,¹

88 1766 329 1824 commeatum
357 1771 514 1847 portare,
558 1773 737 1846 postremo
768 1764 905 1839 omnia,
928 1766 932 1771 '
954 1774 1045 1848 quae

87 1868 361 1954 imperarentur,
389 1862 511 1928 facere.
571 1861 697 1952 Neque
721 1861 888 1939 Metellus
912 1863 1045 1930 idcirco

87 1974 221 2049 minus,
248 1967 309 2036 sed
331 1974 475 2059 pariter,
503 1989 544 2032 ao
566 1972 596 2032 si
617 1967 734 2033 hostes
756 1967 931 2049 adessent,
964 1982 1043 2035 muss

86 2080 167 2141 nito
187 2080 323 2164 agmine
344 2072 519 2150 incedere,
543 2067 612 2137 late
630 2069 810 2160 explorare
830 2080 959 2153 omnia,
982 2072 1044 2140 ills

85 2179 277 2248 deditionis
304 2185 402 2270 signa
422 2181 576 2243 ostentui
597 2175 751 2256 credere,
781 2194 818 2244 et
837 2178 970 2246 insidiis
991 2177 1043 2245 lo·

86 2311 173 2355 cum
197 2302 342 2353 tentare.
391 2285 514 2371 Itaque
532 2286 607 2371 ipse
626 2303 709 2346 oum
729 2281 898 2372 expeditis
918 2283 1041 2349 cobor-

86 2393 194 2471 tibus,
223 2398 311 2459 item
338 2372 558 2455 funditorum
576 2401 613 2453 et
628 2392 887 2475 sagittariorum
907 2385 1042 2455 delecta

84 2521 196 2567 manu
212 2494 304 2587 apud
322 2500 455 2585 primos
472 2509 565 2572 erat3
595 2497 632 2555 in
650 2506 828 2579 postremo
846 2491 884 2556 C.
906 2492 1040 2560 Marius

85 2603 222 2692 legatus
253 2623 337 2666 oum
369 2597 544 2690 equitibus
577 2592 737 2673 curabat;
761 2601 818 2660 ‘in
853 2611 1042 2691 Vtrumque

43 2765 46 2769 ,
85 2707 179 2773 latus
211 2703 407 2784 auxiliarios
439 2709 574 2794 equites
608 2699 758 2766 tribunis
789 2698 971 2790 legionum
1004 2714 1042 2773 et

84 2812 271 2905 praefectis
290 2811 492 2877 cohortium
516 2806 775 2898 dispertiuerat,
804 2813 854 2874 vti
879 2832 962 2877 cum
985 2810 1041 2877 his

83 2923 253 3011 permixti
279 2916 414 2998 velites,
443 2934 663 3006 quacumque
687 2909 911 2994 accederent,
941 2922 1040 3007 equi·

83 3038 181 3091 tatus
205 3023 360 3089 hostium
383 3017 641 3113 propulsarent.
696 3018 790 3086 Nam
808 3025 847 3084 in
870 3021 1039 3110 Iugurtha

81 3144 205 3195 tantus
233 3126 353 3208 dolus,
383 3142 546 3216 tantaque
574 3129 701 3215 peritia
725 3122 886 3191 locorum
910 3139 947 3189 et
970 3130 1043 3190 mi·'

82 3222 183 3299 litiae
209 3249 295 3314 erat,
319 3238 382 3312 vti,
409 3232 540 3308 absens,
567 3252 613 3298 an
634 3252 807 3322 praesens,
833 3249 968 3323 paoem,
994 3250 1038 3297 au

75 3336 218 3407 ¹bellurn
236 3360 358 3430 gerens
378 3341 607 3432 perniciosior
630 3352 732 3423 esset,
760 3342 799 3403 in
820 3340 957 3404 incerto
976 3332 1036 3403 ha·

83 3442 239 3514 beretur.
705 3468 709 3477 ·

809 3642 812 3653 .
902 3605 913 3651 l
