2258 3998
98 111 144 179 ss
337 78 726 183 ...exarmat
820 118 829 161 ³-

103 280 282 337 acerrume
305 290 424 359 regem
450 262 746 360 impugnauerat:⁴
779 280 898 333 tamen
922 255 1060 354 magni·

104 372 227 441 tudine
250 377 419 466 pecuniae
443 398 463 440 a
485 375 578 443 bono
606 374 822 463 honestoque
845 377 882 437 in
908 390 1060 461 prauum

104 476 295 545 abstractus
321 495 382 545 est.
432 479 506 546 Sed
528 478 697 570 Iugurtha
721 482 876 571 primum
903 491 1061 542 tantum·

106 583 213 650 modo
235 583 320 651 belli
343 607 479 651 moram
505 583 708 663 redimebat3
737 591 959 659 existumans,
988 601 1064 645 sese

108 685 239 777 aliquid
254 695 400 756 interim
414 690 545 757 Romae
561 694 688 782 pretio,
715 705 776 757 aut
793 691 903 779 gratia
924 686 1067 752 effectu-

108 815 203 857 rum:
233 811 355 884 postea
372 816 455 860 vero
473 810 585 886 quam'
596 799 801 887 participem
818 795 950 885 negotii
964 791 1066 856 Scau·

109 921 190 962 rum
224 915 430 988 acceperat;
472 903 509 966 in
541 924 737 968 maxumam
768 920 869 989 spem
894 895 1065 962 adductus

110 1004 368 1093 recuperandae
384 1012 491 1095 pacis,
517 1010 639 1087 statuit
661 1029 741 1072 curn
768 1003 888 1070 eis-de
905 1001 1066 1069 omnibus

112 1108 333 1197 pactionibus
359 1134 523 1200 praesens
550 1115 661 1203 agere.
724 1109 891 1176 Ceterum
919 1113 1065 1186 interea,

112 1210 196 1276 fidei
218 1236 346 1294 caussa,
375 1220 529 1283 mittitur
544 1240 565 1282 a
579 1212 728 1284 Consule
744 1213 878 1282 Sextius
893 1215 1069 1301 Quaestor

112 1321 150 1382 in
172 1318 342 1407 oppidum
362 1321 549 1410 Iugurthae
566 1323 719 1411 Vagam
748 1324 846 1385 cuius
868 1324 920 1384 rei
935 1320 1069 1407 species

115 1439 192 1489 erat
216 1428 372 1514 acceptio
395 1424 576 1505 frumenti,
602 1426 696 1515 quod
717 1421 927 1513 Calpurnius
953 1419 1073 1512 palam

115 1525 238 1616 legatis
269 1533 523 1619 imperauerat:
570 1535 735 1622 quoniam
759 1529 945 1594 deditionis
972 1548 1073 1591 mora

116 1633 279 1700 induciae
299 1635 528 1724 agitabantur.
577 1638 687 1725 Igitur
706 1658 776 1714 rex,
808 1638 858 1701 vti
881 1636 1072 1700 constitue·

117 1753 183 1815 rat,
209 1742 246 1802 in
275 1756 384 1805 castra
406 1744 521 1819 venit,
549 1761 589 1804 ac
608 1762 731 1829 pauca,
762 1745 939 1830 praesenti
966 1739 1074 1803 consi·

117 1841 185 1919 lio,
218 1839 355 1909 locutus
384 1843 427 1909 de
451 1842 582 1908 inuidia
606 1843 706 1924 facti,
732 1862 837 1937 atque
851 1848 897 1910 -in
924 1842 1073 1910 deditio*

119 1969 201 2012 nem
213 1951 263 2012 vti
277 1952 513 2037 acciperetur3
543 1946 676 2039 reliqua
693 1974 775 2017 cum
789 1952 901 2016 Bestia
915 1962 952 2030 et
968 1948 1075 2012 Scan*

119 2076 161 2120 ro
180 2069 312 2122 secreta
329 2057 505 2142 transigit:
539 2051 621 2148 dein
641 2072 782 2145 postero
803 2056 871 2133 die,
895 2055 991 2143 quasi
1011 2072 1076 2140 per

119 2172 272 2225 saturam
298 2164 476 2249 exquisitis
500 2164 691 2238 sententiis,
724 2165 773 2255 in⁸
786 2158 998 2225 deditionem
1019 2177 1076 2220 ac·

121 2266 258 2352 cipitur.
310 2264 391 2343 Sed,
418 2267 468 2331 vti
491 2287 558 2353 pro
583 2264 729 2332 consilio
753 2271 975 2357 imperatum,
1006 2258 1078 2326 ele·

120 2369 246 2458 phanti
274 2374 432 2459 triginta,
468 2391 574 2459 pecus
599 2386 702 2460 atque
728 2373 810 2460 equi
836 2367 957 2447 multi,
995 2388 1079 2433 cum

121 2496 232 2563 paruo
250 2477 384 2564 argenti
397 2475 552 2565 pondere
567 2465 753 2562 Quaestori
771 2472 967 2540 traduntur.
998 2468 1079 2538 Cal·

123 2581 268 2668 purnius
295 2580 443 2645 Romam
467 2579 511 2645 ad
537 2583 753 2670 magistratus
778 2577 948 2669 rogandos
975 2574 1080 2666 profi·

123 2685 272 2749 cisoitur.
344 2684 384 2751 ln
411 2684 581 2753 Numidia
608 2700 645 2751 et
674 2689 827 2753 exercitu
859 2698 988 2751 nostro·
1012 2703 1080 2775 pax

125 2786 328 2878 agitabatur.

432 2968 563 3037 CAP.
602 2968 760 3036 XXVI.

191 3106 377 3198 Postquam
398 3131 452 3175 ras
477 3114 515 3174 iu
532 3109 651 3176 Africa
669 3123 793 3199 gestas,
818 3102 959 3197 quoque
976 3100 1083 3171 modo

126 3227 223 3278 actae
246 3212 362 3281 forent
383 3212 475 3280 fama
497 3211 706 3305 diuolgauit:
738 3212 870 3279 Romae
886 3232 951 3301 per
968 3212 1083 3274 omnis

126 3313 222 3382 locos
255 3334 291 3384 et
320 3335 513 3385 conuentus
548 3320 592 3387 'do
622 3319 716 3386 facto
747 3312 906 3410 Consulis
941 3317 1107 3403 agitaris

127 3422 219 3510 apud
242 3422 382 3512 plebem
406 3424 520 3514 grauis
539 3425 694 3504 .inuidia;
723 3423 853 3498 Patres,
878 3419 1085 3510 probarent-

129 3547 173 3591 ne
193 3542 330 3593 tantum
350 3526 534 3618 flagitium,
561 3552 606 3595 an
626 3529 809 3595 decretum
826 3522 987 3592 Consulis
1005 3523 1087 3589 sub·

129 3646 318 3712 verterent,
346 3656 472 3723 parum
499 3632 689 3701 constabat.
734 3631 816 3717 ,Aa
842 3650 1004 3699 maxume
1029 3650 1088 3697 eos
