2258 3998
313 89 796 185 uaticinante.
986 109 1035 191 ιι

83 294 209 362 resque
223 286 331 338 erant.
371 269 475 359 Quod
488 276 518 336 si
536 277 611 361 quis
630 276 737 336 etiam
752 295 772 336 a
790 268 893 361 culpa
905 293 1033 337 vacuus

82 384 121 445 in
135 384 327 443 amicitiam
341 383 414 442 eius
429 375 614 455 incideram
639 376 865 466 quotidiano
848 378 918 443 usu
928 392 1034 466 atque

82 480 258 549 illecebris
268 480 369 548 facile
383 505 446 571 par
459 481 650 587 similisque
665 489 789 548 ceteris
804 479 1029 559 efficiebatur.

80 588 152 655 sed
176 611 337 653 maxume
361 562 636 654 adolescentium
656 586 909 665 Familiaritates
929 588 1034 678 adpe-
1123 599 1128 610 ‘

81 693 194 759 tabat:
222 716 343 759 eorum
359 698 469 757 animi
488 690 612 758 molles
632 709 669 758 et
684 709 798 758 aetate
816 693 926 772 fluxi,
946 691 1034 758 dolis

80 798 174 864 haud
189 792 381 895 difficulter
402 798 637 890 capiebantur.
686 799 779 866 Nam
799 805 851 873 vti
865 805 1035 888 cuiusque

79 903 239 973 studium
262 927 302 968 ex
320 920 434 969 aetate
454 903 634 994 flagrabat,
658 902 734 969 aliis
755 920 871 971 scorta
889 904 1034 994 praebe*

80 1032 139 1088 re3
166 1007 242 1075 aliis
269 1031 371 1074 canes
397 1025 505 1099 atquo
530 1032 637 1098 equos
657 1017 828 1091 mercari3
852 1027 1034 1102 postremo

79 1137 196 1204 neque
226 1121 375 1192 sumtui,
407 1136 521 1203 neque
550 1114 739 1181 modestiae
767 1139 849 1182 suae
876 1138 1030 1206 parcere,

79 1220 167 1285 dum
189 1217 267 1284 illos
282 1219 445 1285 obnoxios
459 1218 615 1310 fidosque
634 1220 772 1286 laceret.
807 1221 901 1300 Scio,
927 1221 1034 1288 fuisso
1080 1209 1085 1218 ⁶

79 1323 291 1402 nonnullos,
329 1331 391 1416 qui
420 1332 470 1390 ita
493 1343 752 1404 aestumarent,
794 1333 1030 1407 iuuentutem,

78 1453 168 1520 quae
188 1430 335 1495 domum
355 1429 526 1496 Catilinae
544 1431 795 1520 frequentabat,
824 1454 950 1520 parum
969 1433 1033 1499 ho·

79 1552 178 1600 neste
209 1535 415 1623 pudicitiam
443 1535 629 1614 habuisse,
657 1536 732 1601 sed
762 1559 803 1603 ex
822 1534 905 1601 aliis
930 1538 1032 1604 rebus

79 1648 205 1730 magis,
245 1663 350 1729 quam
378 1640 470 1730 quod
498 1648 662 1805 cuiquam
687 1656 909 1734 compertum
926 1640 1029 1785 foret,

79 1745 203 1812 haecf
184 1751 281 1812 tama
300 1743 502 1814 valebat...
862 1788 867 1793 -

427 1926 556 1996 CAP.
596 1928 675 1993 XI.

145 2063 217 2127 Iam
232 2069 388 2152 primum
405 2052 604 2130 adolescens¹
617 2064 769 2131 Catilina
786 2054 1032 2132 mutaueran-

80 2167 124 2233 da
140 2185 259 2256 stupra
284 2167 424 2249 fecerat,
453 2193 534 2234 cum
551 2178 685 2261 virgine
710 2170 842 2253 nobili,
870 2195 953 2239 cum
979 2194 1032 2238 sa·

81 2273 222 2339 cerdote
254 2274 416 2355 Vestae,‘
439 2272 506 2338 alia
543 2275 784 2340 huiuscemodi
822 2294 945 2342 contra
977 2284 1031 2344 ius

79 2379 207 2467 fasque.
248 2397 428 2468 postremo
462 2396 582 2468 captus
607 2402 726 2446 amore
751 2380 917 2448 Aureliae
944 2384 1032 2450 Ore-

80 2483 211 2562 stillae,
256 2491 354 2549 cuius
381 2502 520 2575 praeter
544 2485 720 2566 formam,¹
754 2486 843 2551 nihil
865 2510 1032 2577 umquam

80 2589 192 2654 bonus
223 2585 392 2655 laudauit}
426 2590 520 2680 quod
549 2610 596 2655 ea·
614 2591 744 2657 nubere
762 2591 815 2656 illi
835 2591 1029 2673 dubitabat,

79 2701 209 2759 timens
231 2701 436 2784 priuignum
454 2694 573 2761 adulta
592 2713 720 2762 aetate:
754 2702 819 2786 pio
840 2712 939 2777 certo
955 2694 1032 2765 cre-

46 2793 49 2801 ’
80 2799 197 2878 ditur,
239 2817 363 2865 necato
390 2798 463 2865 filio
476 2850 487 2881 ,
534 2824 678 2871 vacuam
708 2802 853 2869 domum
878 2802 1031 2871 scelestis

80 2911 214 2994 nuptiis
231 2905 362 2971 fecisse.
413 2908 511 2992 Quae
535 2907 676 2996 quidem
693 2931 746 2972 res
765 2909 1032 3000 mihi-inprimis

79 3010 220 3077 videtur
237 3034 354 3077 caussa
369 3011 474 3077 fuisse
493 3011 657 3078 facinoris
677 3014 881 3081 maturandi.
922 3016 1032 3083 Nam·

80 3139 149 3205 que
169 3123 305 3181 animus
322 3123 494 3206 impurus,
520 3118 572 3182 dis
587 3119 856 3209 hominibusque
871 3119 1029 3199 infestus,

80 3243 195 3309 neque
208 3220 334 3312 vigiliis
354 3246 468 3318 neque
482 3224 658 3315 quietibus
674 3227 787 3292 sedari
800 3241 956 3316 poterat:
981 3230 1032 3290 ita

80 3333 292 3393 conscientia
324 3345 481 3394 mentem
513 3337 659 3397 excitam
692 3332 855 3397 vastabat.
882 3384 886 3399 .
919 3329 1032 3419 Igitur

79 3428 176 3498 colos
197 3440 387 3523 exsanguis,
415 3434 511 3500 foedi
529 3435 634 3516 oculi,
662 3441 751 3502 citus
777 3435 896 3515 modo,
925 3434 1031 3501 modo

78 3536 199 3601 tardus
214 3543 365 3605 incessus
374 3565 384 3620 3
408 3554 550 3633 prorsus
573 3548 611 3606 in
626 3541 714 3608 facie
728 3539 898 3632 vultuque
911 3564 1031 3612 vecor-

78 3642 137 3710 dia
164 3649 286 3712 iuerat.
