2258 3998
325 78 770 186 carinianum.
937 90 1021 207 *a

340 273 429 338 CA
442 274 484 338 P.
529 275 571 340 X
573 274 696 339 XXX
700 271 743 338 V.

142 374 212 442 Sed
236 374 345 442 isdem
365 377 578 467 temporibus
602 381 644 466 Q.
670 374 813 444 Catulus
832 396 868 445 et
884 378 921 444 C:
944 377 1021 443 Piso

71 501 189 571 neque
214 487 334 570 gratia,
362 502 476 573 neque
499 483 670 572 precibus,
697 505 809 572 neque
833 486 947 572 pretio
971 484 1022 549 Ci-

71 589 239 653 ceronem
260 586 440 676 impellere
465 606 624 678 potuere,
653 590 702 654 vti
722 611 786 678 per
805 585 1020 678 Allobroges,
1070 671 1080 681 ι

71 706 137 755 ant
161 688 268 754 aliurn
292 692 441 758 indicem
461 695 499 760 C.
522 697 646 760 Caesar
666 692 753 759 falso
771 695 1016 759 nominaretur.

72 796 168 863 Nam
194 813 339 885 vterque
364 822 445 863 cum
470 797 532 864 illo
562 804 677 888 grauis
705 801 899 863 inimicitias
928 821 1021 862 exer-

72 901 225 969 cebant:
258 890 336 966 Piso
362 903 577 993 obpugnatus
600 909 638 966 in
666 901 794 967 iudicio
815 902 1021 993 repetunda·

70 1030 166 1083 rum,
182 1024 340 1096 propter
362 1007 537 1073 cuiusdam
556 1006 793 1095 Transpadani
813 1006 1022 1096 supplicium

72 1114 260 1190 iniustum3
287 1111 429 1177 Catulus
448 1135 488 1175 ex
512 1115 680 1201 petitione
699 1110 923 1177 Pontificatus
943 1111 1021 1176 odio

72 1222 250 1292 incensus,
276 1215 369 1305 quod
392 1232 544 1281 extrema
569 1232 694 1293 aetate,
724 1220 888 1281 maxumis
914 1217 1022 1282 hono·

72 1321 171 1387 ribus
187 1344 277 1400 vsus,
304 1320 345 1385 ab
368 1320 624 1387 adolescentulo
650 1323 794 1387 Caesare
821 1326 929 1386 victus
955 1319 1021 1386 dis·

72 1432 234 1493 cesserat.
283 1426 349 1489 Res
367 1442 482 1490 autem
498 1441 694 1515 oppurtuna
706 1423 902 1502 videbatur3
928 1424 1022 1513 quod

72 1533 405 1622 priuatimegregia
430 1527 652 1611 liberalitate,
688 1527 825 1618 publice
855 1532 1021 1594 maxumis

73 1634 278 1702 muneribus
312 1632 478 1723 grandem
509 1638 694 1725 pecuniam
726 1632 882 1700 debebat.
953 1632 1022 1699 Sed

73 1741 134 1807 vbi
155 1739 342 1807 Consulem
368 1740 410 1806 ad
438 1755 576 1807 tantum
600 1739 734 1806 facinus
759 1737 940 1829 impellere
962 1760 1022 1803 ne·

74 1837 232 1937 qucum,
269 1852 334 1935 ipsi
373 1845 572 1934 singulatim
608 1845 877 1924 circumeundo,
918 1861 1023 1933 atque

73 1949 314 2027 ementiundo,
344 1972 431 2039 quae
451 1975 488 2017 se
504 1974 545 2016 ex
564 1950 759 2033 Volturcio,
789 1945 1024 2015 autAllobro-

74 2054 175 2144 gibus
201 2053 334 2119 audisse
360 2055 532 2135 dicerent,
576 2078 736 2145 magnam
766 2051 817 2119 illi
852 2050 1022 2121 inuidiam

74 2159 334 2235 conflauerant3
362 2182 466 2248 vsque
485 2184 545 2240 eo,
573 2180 610 2228 vt
626 2155 785 2225 nonnulli
802 2164 934 2247 equites
954 2158 1022 2223 Ro-

74 2266 189 2341 mani,
205 2270 263 2352 qui
281 2264 443 2352 praesidii
459 2288 575 2334 caussa
589 2288 669 2331 cum
681 2260 759 2327 telis
773 2278 871 2329 erant
889 2268 1021 2327 circum

74 2367 199 2435 aedem
213 2366 436 2444 Concordiae,
453 2393 514 2435 seu
527 2368 675 2460 periculi
687 2366 942 2457 magnitudine,
960 2387 1022 2429 seu

74 2460 182 2539 aniini
210 2469 390 2563 nobilitate
416 2474 568 2564 impulsi,
596 2497 665 2564 quo
685 2472 837 2539 studium
864 2475 1020 2535 suumin

72 2575 327 2666 rempublicam
344 2576 469 2645 clarius
492 2594 594 2658 esset,
623 2576 815 2669 egredienti
833 2575 1020 2643 exsenatu

73 2684 213 2754 Caesari
231 2681 348 2777 gladio
371 2688 625 2753 minitarentur.

334 2862 471 2929 CAP.
520 2861 759 2929 XXXXVI.

143 2998 240 3067 Dum
253 3000 338 3066 haec
351 3006 389 3066 in
403 3001 533 3068 Senatu
553 3016 714 3090 aguntur,
741 3017 778 3067 et
795 2998 880 3065 dnm
900 2995 1021 3086 legatis

65 3103 308 3195 ¹Allobrogum
332 3120 369 3172 et
390 3108 474 3172 Tito
497 3105 693 3184 Volturcio,
721 3102 947 3195 comprobato
969 3122 1022 3165 eo·

74 3233 158 3277 rum
185 3210 326 3291 indicio,
356 3218 512 3301 praemia
533 3211 782 3278 decernuntur:
824 3209 961 3284 liberti,
985 3220 1022 3270 et

76 3309 183 3406 pauci
206 3338 246 3380 ex
268 3314 454 3383 clientibus
476 3314 630 3395 Lentuli,
655 3315 801 3381 diuersis
823 3308 1019 3389 itineribus,

66 3419 220 3512 opifices
244 3430 348 3510 atq'ue
376 3426 519 3487 seruitia
541 3427 578 3486 in
599 3428 683 3488 vicis
708 3420 750 3485 ad
776 3440 858 3484 enm
877 3420 1021 3506 eripien-

76 3524 164 3593 dum
178 3522 425 3603 sollicitabant3
445 3533 573 3617 partim
584 3523 807 3615 exquirebant
819 3520 924 3587 duces
938 3517 1023 3587 mul·

77 3628 283 3709 titudinurn,
312 3637 373 3721 qui
391 3637 507 3721 pretio
529 3628 787 3720 rempublicam·
806 3649 925 3699 vexare
946 3624 1045 3719 soli-¹
