2258 3998
285 110 789 182 IVGVRTHINVM'
957 114 1020 181 ue

58 266 106 336 a'd
140 288 259 337 arcem
283 269 433 361 oppidi,
478 267 537 338 vbi
570 273 668 360 signa
700 283 738 335 et
766 282 865 336 scuta
896 285 1018 350 erant;

56 373 275 466 praesidium
298 374 472 454 hostium,
501 360 725 466 permeante
747 373 882 441 clausae
901 374 1021 466 ὤμω

57 478 314 570 prohibebant:
358 480 404 547 ad
444 481 513 546 hoc
548 477 714 547 mulieres
747 486 918 572 puerique
954 503 1020 571 pro

60 590 167 651 tectis
194 583 434 652 aedificiorum
472 608 569 664 saxa,
616 601 653 651 et
680 584 763 664 alia,
801 607 890 676 quae
922 583 1020 652 locus

59 687 263 781 praebebat,
294 696 455 757 certatim
483 698 635 757 mittere.
685 693 739 756 Ita
763 713 878 780 neque
903 694 1020 756 caueri
1122 715 1126 725 ·

59 816 190 886 anceps
213 792 359 877 malum,
393 806 507 886 neque
531 819 552 862 a
575 793 1021 863 fortissumisinfirmiesu·

60 922 126 968 mo
148 905 270 991 generi
298 903 413 967 resisti
439 904 563 993 po‘sse3
608 908 704 967 iuxta
724 899 817 967 boni
852 897 1020 990 malique,

59 1010 199 1073 strenui
237 1020 274 1072 et
307 1004 464 1073 imbelles
499 1004 604 1073 inulti
638 1006 846 1073 obtruncati.
907 1007 948 1072 ln
979 1026 1022 1073 ea

60 1127 162 1178 tanta
176 1116 379 1203 asperitate,
408 1115 626 1179 saeuissumis
648 1110 811 1178 Numidis
829 1125 866 1177 et
890 1109 1022 1201 oppido

60 1215 217 1308 Vndique
256 1214 395 1296 clauso,
442 1216 627 1309 Turpilius
660 1240 748 1284 vnus
785 1239 825 1282 ex
860 1215 1025 1285 omnibus

61 1319 193 1389 Italicis
213 1321 371 1412 profugit
394 1325 555 1389 intactus.
591 1321 626 1388 id
647 1321 930 1388 misericordiane
948 1320 1024 1387 hoe

61 1430 160 1519 pitia,
185 1450 231 1494 an
255 1430 430 1517 pactiom,
457 1450 501 1492 an
526 1449 608 1493 casu
635 1433 684 1492 ita
703 1431 872 1504 euenerit,
897 1447 1023 1515 parum

62 1536 318 1623 comperimus3
351 1535 430 1610 nisi,
460 1534 541 1622 quia
568 1529 621 1595 illi
645 1535 682 1596 in
707 1547 805 1596 tauto
829 1527 922 1596 malo
948 1544 1023 1599 ture

60 1641 118 1729 pis
144 1641 214 1705 vita
232 1636 327 1703 fama
352 1641 488 1728 integra
514 1640 644 1727 potior,
670 1634 854 1728 improbus
879 1637 1023 1702 intesta·

63 1739 213 1834 biliaquc
242 1741 391 1811 videtur,

383 1919 510 1988 cAP.
553 1918 707 1987 LXIV.

133 2057 318 2138 Metellus,
360 2075 546 2150 postquam
576 2058 621 2124 de
654 2058 757 2125 rebus
787 2059 906 2148 Vagae
939 2063 1026 2126 actis

64 2150 254 2255 comperit,
280 2163 472 2255 paullisper
497 2179 650 2230 moestus
676 2183 695 2228 e
720 2178 912 2253 conspectu
934 2163 1025 2240 abit,

63 2270 214 2351 deinde,
254 2269 312 2337 vbi
351 2275 403 2335 ira
437 2283 475 2334 et
506 2268 688 2360 aegritudo
717 2273 917 2358 permixta,
942 2288 1026 2335 cum

64 2399 231 2445 maxuma
261 2398 345 2442 cura
374 2374 487 2442 vitum
511 2380 563 2441 ire
590 2377 736 2440 iniurias
762 2371 913 2439 festinat.
958 2371 1025 2438 Le-

65 2490 223 2575 gionem,
252 2504 334 2548 cum
348 2503 417 2571 qua
437 2479 624 2559 hiemabat,
652 2495 700 2557 et,
728 2475 1026 2569 quamplurimos

65 2603 204 2680 potest,
247 2584 419 2653 Numidas
451 2592 587 2675 equites
618 2590 752 2676 pariter
785 2607 865 2649 cum
901 2604 1027 2649 occasu

67 2691 152 2760 eolis
183 2690 362 2784 expeditos
389 2688 526 2770 educit3
568 2705 605 2756 et
633 2704 774 2781 postera
803 2687 861 2753 die
886 2691 1027 2754 circiter

68 2798 194 2865 boram
215 2803 357 2865 tertiam
377 2797 541 2887 peruenit
566 2799 603 2861 in
624 2793 809 2885 quamdam
829 2791 1025 2883 planitiem,

69 2902 159 2971 locis
199 2902 317 2995 paullo
349 2900 585 2992 superioribus
617 2905 903 2967 circumuentam.
975 2896 1030 2967 lbi

70 3007 204 3079 milites
229 3008 337 3076 fessos
363 3012 497 3075 itineris
524 3004 774 3096 magnitudine,
808 3020 845 3071 et
873 3010 942 3070 iam
970 3001 1030 3067 ab·

39 3098 42 3105 ¹
70 3120 214 3182 tenentis
253 3115 372 3180 omnia
412 3112 533 3194 docet,
577 3113 741 3202 oppidum
776 3111 919 3198 Vagam
957 3128 1030 3172 non

71 3223 224 3312 amplius
246 3222 343 3286 mille
361 3242 529 3310 passuum
549 3220 681 3296 abesse,·
709 3219 821 3283 decere
848 3216 928 3280 illos
950 3212 1029 3276 reli-

69 3350 184 3419 quum
208 3327 359 3391 laborem
380 3347 490 3416 aequo
507 3327 626 3389 animo
647 3328 736 3415 pati,
762 3323 846 3387 dum
867 3341 931 3408 pro
947 3318 1031 3382 ciui-¹
1110 3370 1117 3381 .

62 3434 135 3519 ,bus
169 3434 252 3512 suis,
296 3435 383 3496 viris
413 3431 629 3529 sbrtirsurnis
662 3448 767 3519 atque
805 3425 1029 3504 miserrumis,
1115 3512 1117 3516 y

66 3560 202 3630 poenas
240 3555 406 3627 euperem
459 3551 640 3633 praeterea
677 3531 845 3626 praedam
881 3528 1032 3619 benigne

72 3656 238 3711 mtenmt.
301 3642 355 3711 Its
380 3647 507 3711 animis
537 3664 662 3711 eorum
689 3644 852 3719 arrectis,
896 3639 1034 3727 equites

982 1858 992 1894 t
