2258 3998
25 199 28 204 .
119 114 186 189 256
324 111 842 185 ·1NTunPnETATto·.
898 138 905 173 ·.
967 214 970 219 1

120 274 229 334 socius
238 270 453 352 periculomm
472 271 621 349 Romanis
638 269 729 331 fieret
740 286 771 331 et
788 269 871 333 bello
891 271 981 333 finito
1000 272 1074 331 Cau

120 369 314 453 tlraginenses
335 368 490 429 tributarii
512 367 594 429 facti*
611 382 720 445 essent.
748 370 878 432 omnino
903 369 1077 448 rempublia

121 486 192 527 cam
209 466 344 523 maxime
364 463 520 525 adfiictam
532 463 629 527 fuisse
642 494 691 530 ,-
710 465 799 547 quod
816 452 902 527 nunc
916 464 1076 527 Sallustius

120 584 195 623 eum
218 582 276 622 suo
294 559 463 630 adtritam,
490 544 607 629 venbd.
635 583 674 622 ex
696 575 846 642 sequente
866 559 1077 625 adtrirteranc

121 658 306 719 assumendo
325 656 651 740 subintelligendoque
673 659 714 718 ad
732 656 837 718 verba·
859 661 998 716 nominis
1028 679 1076 717 ro-

120 757 223 823 mani,
247 755 353 815 dicere
375 752 481 815 voluit.

132 864 135 868 ·
200 873 231 931 p.
245 850 294 909 62.
314 852 491 911 Masinissa
508 871 576 920 rex,
598 870 696 931 vsque
716 850 759 909 ad
779 849 886 919 verba,
905 853 977 930 regi
985 850 1076 912 dom

44 944 48 957 ’
122 945 221 1007 dedic.
249 945 290 1007 ef.
315 949 430 1006 Liuius
455 947 617 1029 XXXVII.
642 945 688 1006 25.
710 962 742 1007 et
753 946 800 1007 55.
819 961 905 1011 extr.-

200 1072 223 1091 -
261 1076 291 1090 ··
330 1043 414 1103 bona
436 1059 467 1103 et
482 1042 612 1121 nehesta
633 1042 722 1103 nobis
739 1064 858 1128 penna·
881 1046 994 1112 nona,
1015 1036 1076 1105 vtiss

120 1139 173 1208 lis,
199 1141 348 1207 honesta,
375 1139 557 1201 honorifica.
617 1141 666 1199 Ita
689 1141 756 1198 intt.
809 1141 849 1199 In
872 1140 977 1218 priore
999 1160 1076 1201 con·

121 1239 215 1296 sentit
233 1236 373 1306 Cottius,
412 1237 562 1316 posterius
585 1256 661 1297 vero
685 1234 832 1315 explieat,
861 1256 937 1316 per:
972 1257 1076 1316 quam

121 1334 265 1393 Romani
284 1332 524 1392 honorarcert'nt.
567 1334 725 1391 Neutrum
751 1331 830 1395 milti
849 1331 961 1412 planet.
980 1388 983 1393 ,
1002 1335 1075 1391 Ha·

121 1444 214 1488 nesta
228 1444 273 1488 est
295 1431 440 1498 amicitia,
466 1425 549 1510 quie
570 1427 632 1489 fide
657 1427 831 1511 efficiisque
849 1430 998 1508 utrinque
1015 1438 1074 1508 pa·
1113 1416 1118 1423 ⁵

119 1539 222 1595 ratum
253 1524 353 1607 qualis
376 1544 463 1586 nunt
484 1524 548 1584 fuit
566 1526 781 1587 Romanorum
807 1524 1073 1600 cutn‘Masinissa,

120 1620 322 1706 hocnptime
339 1625 450 1682 merito
472 1637 568 1702 atque
588 1643 686 1702 vsque
709 1622 750 1680 ad
769 1623 888 1681 exitum
905 1622 987 1679 vitae
1006 1641 1073 1680 nie·

119 1735 209 1778 rente
227 1718 267 1778 de
287 1718 449 1785 Romanis;
478 1717 537 1776 illis
560 1720 710 1779 constanti
732 1716 950 1777 beneuolentia
971 1719 1005 1781 in
1028 1737 1075 1776 re-

64 1796 69 1805 ’
119 1814 317 1874 munerando
345 1834 418 1896 erga
441 1813 632 1872 Masinissam
660 1816 705 1873 vsi
734 1851 779 1861 —-
808 1829 849 1873 vt>
865 1835 942 1874 -rnox
973 1813 1070 1872 addit.

121 1910 270 1971 Ceterum
293 1911 333 1970 de
349 1910 527 1969 Masinissae
547 1911 664 1969 meritis
680 1925 775 1990 atque
789 1910 954 1985 virtutibus
972 1925 1075 1969 morte

120 2022 153 2066 et
172 2007 272 2068 diuiso
292 2009 375 2066 inter
397 2021 457 2065 tres
480 2008 545 2065 eius
568 2004 646 2067 filios
671 2005 824 2088 legitimos
847 2006 980 2086 imperio
1003 2026 1075 2067 oon-

119 2103 268 2165 ferendus
288 2103 448 2183 Appianas
471 2101 493 2162 l.
515 2101 555 2162 de
573 2103 664 2179 up,
684 2098 751 2162 fere
769 2117 917 2165 extremo.

199 2203 443 2283 inimicaeque
460 2198 588 2277 sisinii
607 2197 695 2257 idem
703 2202 794 2278 fuit,·
813 2199 846 2259 h.
861 2219 889 2259 e·
907 2200 1077 2278 permansit

119 2296 154 2354 in
167 2299 315 2365 amicitia3
329 2311 362 2354 vt
371 2314 476 2376 neque
492 2316 549 2355 sua
557 2296 717 2355 Masinissa
727 2296 820 2376 culpa
831 2316 849 2354 a
860 2296 1009 2356 Romanis
1024 2314 1076 2355 ne·

120 2413 184 2475 que
202 2415 241 2453 ex
257 2395 372 2454 horum
389 2394 527 2471 ipsorum
540 2392 682 2451 lubidine
697 2393 730 2450 in
749 2393 882 2471 irnperio
897 2392 1077 2451 detrimenti

43 2518 52 2539 ν
119 2492 199 2571 quid
218 2509 325 2571 passus·
343 2487 457 2556 fuerin
481 2488 536 2546 sed
553 2488 588 2546 id
605 2501 706 2547 morte
724 2485 854 2547 finierit..
891 2488 940 2552 Ita
957 2490 1076 2567 optime

121 2585 159 2643 V.
172 2587 215 2645 H.
233 2589 267 2644 ni
279 2606 312 2645 se
324 2583 421 2643 aeabo
440 2584 602 2661 (amistad)
620 2585 687 2643 sino
706 2603 767 2643 con
783 2604 820 2644 su
835 2585 968 2663 imperio
979 2605 1001 2664 y
1011 2605 1075 2646 ,con

120 2701 158 2740 su
173 2682 253 2741 vida.
282 2683 369 2740 Vnus
387 2679 509 2739 Cottius
524 2695 620 2754 φςωσιν
635 2678 764 2738 illustrat
781 2679 857 2740 loeis
874 2679 1073 2760 quibusdam,

120 2778 176 2837 sed
195 2779 282 2838 idem
308 2776 413 2836 tamen
435 2776 569 2834 maxime
597 2774 779 2855 parallelum
805 2779 928 2838 omisit..
978 2777 1009 2837 Is
1033 2792 1078 2836 est

120 2874 207 2953 apud
228 2860 388 2941 Curtium,
417 2873 471 2931 vbi
492 2873 625 2933 Darium
647 2892 761 2952 magno
786 2874 891 2933 animo
916 2874 1077 2937 dicentem

48 2976 53 2983 “
121 2968 226 3052 fingit:
254 2990 314 3030 nec
345 2969 407 3029 hoc
426 2969 606 3048 imperium.
623 2971 712 3031 viuus
735 2972 894 3037 omittam,
924 2964 1078 3053 ι”ὀεηιᾳιισ

120 3069 183 3126 eric
201 3070 297 3146 tegni
309 3067 397 3136 Μ’,
418 3068 479 3148 qzti
498 3080 534 3123 et.
551 3067 680 3147 spiritus
691 3064 782 3142 finis.

200 3187 233 3246 p.
248 3161 298 3224 65.ι
312 3161 400 3224 ultro
420 3165 440 3221 i.
465 3161 505 3246 gl.
519 3177 552 3223 et
567 3182 653 3246 regn.
672 3176 857 3223 venturum:
884 3161 925 3224 af.
948 3177 1021 3223 ante
1037 3163 1080 3224 ad
1109 3194 1112 3199 ·

120 3280 151 3342 p.
166 3260 215 3321 50.
234 3282 252 3311 -1
331 3275 336 3301 ³
570 3339 573 3341 Δ
1070 3242 1075 3259 ’

201 3391 228 3405 -
245 3378 290 3408 ·ϊ·
329 3379 356 3419 c.
370 3358 427 3417 VI.
453 3358 487 3415 in
510 3376 618 3416 meum
642 3377 776 3436 regnum
796 3388 840 3402 --
862 3356 973 3416 Versio
996 3355 1081 3436 hisp..

95 3531 97 3536 Ι
120 3474 162 3512 en
175 3457 224 3512 mi
234 3475 321 3523 oasa,
348 3456 401 3514 cui
416 3456 450 3512 in
467 3455 545 3514 notis
558 3453 684 3513 additur
703 3474 837 3535 regnum
847 3472 906 3531 pro
925 3454 1014 3529 regna
1026 3452 1081 3512 hio

118 3550 340 3629 accipiendum
360 3568 432 3610 esse.
457 3580 503 3595 -
526 3551 622 3609 Nunc
645 3552 699 3610 etsi
723 3564 844 3609 eertum
871 3563 916 3607 est
937 3548 1081 3627 adoptio·

119 3664 162 3705 ns
191 3659 226 3704 et
241 3655 440 3708 rnamenta.
457 3666 532 3708 etam
554 3645 666 3727 perillo
684 3660 756 3707 unte
778 3645 910 3729 demum
933 3643 1081 3726 adeoque
