2258 3998
14 58 17 69 ¹
79 118 124 206 u
346 104 765 192 coutvustto

79 298 160 340 cum
184 300 320 342 summa
344 280 555 368 turpitudine
580 282 619 342 in
643 280 766 345 exsilio
791 295 936 344 aetatem
958 292 1033 364 oge-

81 404 133 457 re,·
158 387 317 470 potuistis
334 387 501 449 nonnulli
512 386 655 466 Romae,
673 390 808 451 amissis
822 386 929 462 bouis,
953 385 1033 447 alie-

81 509 148 549 nos
172 512 250 576 opes
275 509 476 585 exspectare.
529 492 621 581 Quia
646 493 711 556 illa
725 491 835 582 foedo
860 506 963 578 atque
984 493 1034 552 in»

82 593 262 658 toleranda
286 600 373 660 viris
398 597 616 677 uidebantur,
647 599 732 662 liaeo
747 599 849 686 sequi
867 597 1033 659 decreuis-

80 701 133 761 tis.
168 701 208 763 Si
221 703 412 792 relinquere
428 705 544 782 uoltis,
572 703 723 767 audacia
735 724 819 791 opus
833 718 888 766 est.
918 724 1031 779 nemo,

83 807 155 867 nisi
170 810 290 889 uictor,
317 831 404 896 pace
419 809 545 872 bellum
558 811 725 873 mutauit.
774 808 874 874 Nam
888 810 926 871 iu
935 806 1034 896 fuga

81 912 228 975 salutem
244 936 388 1001 sperare,
422 935 500 978 cum
516 936 627 993 amia,
658 916 739 1003 quis
756 935 876 1002 corpus
895 916 1031 997 tegitur,

81 1016 126 1078 ab
145 1017 295 1082 hostibus
313 1023 487 1098 auerteris,
517 1042 559 1083 eo
573 1040 654 1082 vero
672 1018 845 1082 dementia
858 1034 914 1082 est.
946 1018 1035 1080 Sem·

75 1134 141 1210 per
158 1126 196 1213 iu
210 1126 343 1213 praelio
358 1148 564 1190 maxztmum
576 1141 627 1188 est
646 1125 850 1212 periculum,
878 1124 943 1212 qui
960 1144 1034 1184 ma·

81 1232 352 1303 tcumeniment:
382 1231 532 1295 audacia
545 1252 609 1318 pro
632 1252 730 1292 muro
749 1229 901 1292 liabetur.
946 1229 1035 1293 Cum

80 1356 145 1396 vos
165 1336 349 1416 considero,
375 1338 510 1418 milites,
534 1353 570 1400 et
585 1333 776 1424 cumfacta
793 1352 906 1400 vestra
922 1351 1037 1397 aestu-

80 1462 150 1518 mo,
183 1463 313 1527 magna
339 1464 392 1505 me
415 1464 487 1529 spes
515 1443 682 1505 victoriae
710 1458 807 1506 tenet.
868 1438 1032 1518 Animus,

81 1561 187 1625 aetas,
214 1550 326 1611 virtus
351 1565 463 1612 vestro
490 1546 691 1624 hortantum
725 1563 902 1634 praeterea
929 1567 1035 1608 neces·

81 1651 212 1730 situdo,
253 1674 343 1742 quae
369 1655 474 1715 etiam
505 1644 643 1717 timidos
661 1651 770 1742 fortis
781 1650 886 1740 facit.
936 1651 1035 1716 Nam

80 1754 266 1820 multitudo
296 1757 451 1820 hostium·
469 1780 515 1821 ue
541 1758 787 1822 circumuenire
812 1772 932 1845 qneat,
960 1778 1036 1844 pro·

80 1860 203 1924 hibent
223 1864 413 1947 angustiae.
481 1862 639 1952 Quodxsi
659 1863 782 1945 circini
806 1878 939 1925 uestrae
955 1859 1035 1949 for-

81 1982 170 2029 tuna
194 1968 369 2047 inuiderit,
389 1986 516 2047 cauete,
539 1968 656 2031 inulti
669 1968 826 2030 animam
847 1969 1034 2042 amittatis,-

81 2092 150 2134 neu
164 2076 259 2159 capti
266 2077 392 2162 potius,
413 2076 517 2138 sicuti
524 2095 660 2162 pecora,
685 2071 914 2151 trucidemini,
928 2094 1037 2160 attam

81 2180 238 2241 virorum
260 2202 352 2244 more
369 2196 578 2270 pugnantes,
595 2194 772 2243 cruentam
785 2194 891 2267 atque
911 2178 1037 2241 luctuo-

81 2304 157 2346 sam
187 2287 369 2350 victoriam
395 2286 547 2350 hostibus
569 2285 782 2376 relinquatis.

419 2462 550 2530 cue
597 2440 686 2527 cu

147 2599 245 2666 Haec
259 2600 316 2666 vbi
335 2599 433 2679 dixit,
459 2598 657 2691 paullulum
672 2585 918 2680 commoratus,
940 2604 1038 2688 signa

81 2720 207 2772 canere
230 2705 347 2785 iubet,
381 2721 485 2797 atque
502 2713 691 2773 instructos
707 2704 844 2770 ordines
860 2712 897 2769 in
919 2702 1039 2770 locum

80 2832 233 2900 aequum
252 2810 395 2878 deducit
403 2838 413 2891 3
451 2808 548 2893 dein,
578 2817 722 2877 remotis
742 2816 902 2876 omnium
924 2817 1037 2900 equis,

80 2938 151 3006 quo
177 2914 364 2996 militibus,
393 2908 581 3011 exaequato
606 2914 781 3008 periculo,
809 2923 945 2981 animus
969 2938 1038 2979 am·

80 3020 176 3110 plion
190 3032 290 3100 esset,
311 3028 386 3112 ipse
399 3022 504 3114 pedes
520 3028 723 3101 exercitum,
752 3045 817 3112 pro
837 3019 915 3086 loco
932 3035 1039 3109 atque

81 3133 204 3218 copiis,
235 3133 387 3193 instruit.
417 3128 544 3206 ‘Nam,
577 3133 629 3194 vti
655 3125 817 3217 planities
843 3141 918 3191 erat
945 3130 1040 3190 inter

80 3240 238 3298 sinistros
264 3239 405 3311 montis,
434 3249 470 3300 et
488 3233 531 3299 ab
553 3233 671 3299 dextra
690 3255 778 3322 rupe
799 3253 930 3322 aspera,
957 3248 1040 3297 octo

80 3339 236 3404 cohortis
261 3344 299 3404 in
324 3339 441 3406 fronte
468 3344 674 3406 constituit:
718 3337 853 3427 reliqua
877 3341 975 3426 signa
1002 3343 1040 3402 in

79 3445 234 3510 subsidio
246 3451 354 3510 artius
368 3443 524 3511 collocat.
553 3443 608 3509 Ab
626 3445 678 3509 his
695 3447 911 3510 centurionis
926 3447 1040 3507 omnis

80 3549 189 3615 lectos
214 3566 250 3613 et
281 3567 460 3637 euocatos,
488 3566 670 3640 praeterea
693 3570 734 3614 ex
756 3553 923 3638 gregariis
944 3543 1039 3611 mili·

80 3654 175 3722 tibus
202 3671 389 3747 optumum
418 3678 595 3751 quemque
623 3669 799 3729 armatum
823 3657 861 3719 in
885 3655 1038 3744 primam
