<?xml version="1.0" encoding="UTF-8"?>
<!DOCTYPE html PUBLIC "-//W3C//DTD XHTML 1.0 Transitional//EN"
    "http://www.w3.org/TR/xhtml1/DTD/xhtml1-transitional.dtd">
<html xmlns="http://www.w3.org/1999/xhtml" xml:lang="en" lang="en">
 <head>
  <title>
</title>
<meta http-equiv="Content-Type" content="text/html;charset=utf-8" />
  <meta name='ocr-system' content='tesseract 3.04.00' />
  <meta name='ocr-capabilities' content='ocr_page ocr_carea ocr_par ocr_line ocrx_word'/>
</head>
<body>
  <div class='ocr_page' id='page_1' title='image "./caivscrispvssal00sallgoog_0100.png"; bbox 0 0 2258 3998; ppageno 0'>
   <div class='ocr_carea' id='block_1_1' title="bbox 313 109 1045 187">
    <p class='ocr_par' dir='ltr' id='par_1_1' title="bbox 313 109 1045 187">
     <span class='ocr_line' id='line_1_1' title="bbox 313 109 1045 187; baseline 0.019 -15"><span class='ocrx_word' id='word_1_1' title='bbox 313 109 809 183; x_wconf 75' lang='lat' dir='ltr'><strong>rvanTfflana</strong></span> <span class='ocrx_word' id='word_1_2' title='bbox 999 110 1045 187; x_wconf 72' lang='grc'><strong>85</strong></span> 
     </span>
    </p>
   </div>
   <div class='ocr_carea' id='block_1_2' title="bbox 20 264 1101 2885">
    <p class='ocr_par' dir='ltr' id='par_1_2' title="bbox 20 264 1101 2885">
     <span class='ocr_line' id='line_1_2' title="bbox 85 264 1042 349; baseline 0.009 -15"><span class='ocrx_word' id='word_1_3' title='bbox 85 287 146 335; x_wconf 86' lang='lat' dir='ltr'><strong>mo</strong></span> <span class='ocrx_word' id='word_1_4' title='bbox 170 264 365 345; x_wconf 73' lang='lat' dir='ltr'><strong>haeserat,</strong></span> <span class='ocrx_word' id='word_1_5' title='bbox 391 264 507 333; x_wconf 87' lang='lat' dir='ltr'><strong>filium</strong></span> <span class='ocrx_word' id='word_1_6' title='bbox 531 284 570 335; x_wconf 87' lang='lat' dir='ltr'><strong>et</strong></span> <span class='ocrx_word' id='word_1_7' title='bbox 585 291 669 349; x_wconf 85' lang='lat' dir='ltr'><strong>eum</strong></span> <span class='ocrx_word' id='word_1_8' title='bbox 697 292 740 337; x_wconf 91' lang='lat' dir='ltr'><strong>eo</strong></span> <span class='ocrx_word' id='word_1_9' title='bbox 767 270 838 338; x_wconf 89' lang='lat' dir='ltr'><strong>duo</strong></span> <span class='ocrx_word' id='word_1_10' title='bbox 864 270 1042 343; x_wconf 75' lang='lat' dir='ltr'><strong>familiaria</strong></span> 
     </span>
     <span class='ocr_line' id='line_1_3' title="bbox 81 369 1041 468; baseline 0.008 -29"><span class='ocrx_word' id='word_1_11' title='bbox 81 370 128 439; x_wconf 77' lang='lat' dir='ltr'><strong>sd</strong></span> <span class='ocrx_word' id='word_1_12' title='bbox 162 370 333 438; x_wconf 80' lang='lat' dir='ltr'><strong>Senatum</strong></span> <span class='ocrx_word' id='word_1_13' title='bbox 363 369 493 463; x_wconf 83' lang='lat' dir='ltr'><strong>legatos</strong></span> <span class='ocrx_word' id='word_1_14' title='bbox 525 380 660 455; x_wconf 76' lang='lat' dir='ltr'><strong>mittit5</strong></span> <span class='ocrx_word' id='word_1_15' title='bbox 685 375 846 468; x_wconf 78' lang='lat' dir='ltr'><strong>bisque,</strong></span> <span class='ocrx_word' id='word_1_16' title='bbox 885 396 923 446; x_wconf 88' lang='lat' dir='ltr'><strong>vt</strong></span> <span class='ocrx_word' id='word_1_17' title='bbox 956 378 1041 462; x_wconf 68' lang='lat' dir='ltr'><strong>tnta</strong></span> 
     </span>
     <span class='ocr_line' id='line_1_4' title="bbox 82 476 1039 576; baseline 0.01 -34"><span class='ocrx_word' id='word_1_18' title='bbox 82 499 184 568; x_wconf 86' lang='lat' dir='ltr'><strong>quos,</strong></span> <span class='ocrx_word' id='word_1_19' title='bbox 212 476 416 567; x_wconf 80' lang='lat' dir='ltr'><strong>Hiempsale</strong></span> <span class='ocrx_word' id='word_1_20' title='bbox 438 479 637 560; x_wconf 85' lang='lat' dir='ltr'><strong>interfecto,</strong></span> <span class='ocrx_word' id='word_1_21' title='bbox 664 484 818 562; x_wconf 86' lang='lat' dir='ltr'><strong>miserat,</strong></span> <span class='ocrx_word' id='word_1_22' title='bbox 847 492 1039 576; x_wconf 80' lang='lat' dir='ltr'><strong>praecepit,</strong></span> 
     </span>
     <span class='ocr_line' id='line_1_5' title="bbox 80 585 1041 685; baseline 0.007 -34"><span class='ocrx_word' id='word_1_23' title='bbox 80 587 198 651; x_wconf 82' lang='lat' dir='ltr'><strong>omnis</strong></span> <span class='ocrx_word' id='word_1_24' title='bbox 214 585 369 649; x_wconf 79' lang='lat' dir='ltr'><strong>mortalis</strong></span> <span class='ocrx_word' id='word_1_25' title='bbox 384 589 536 673; x_wconf 79' lang='lat' dir='ltr'><strong>pecunia</strong></span> <span class='ocrx_word' id='word_1_26' title='bbox 552 586 808 672; x_wconf 69' lang='lat' dir='ltr'><strong>adgrediuntur⁴</strong></span> <span class='ocrx_word' id='word_1_27' title='bbox 858 591 930 678; x_wconf 87' lang='lat' dir='ltr'><strong>Qui</strong></span> <span class='ocrx_word' id='word_1_28' title='bbox 939 606 1041 685; x_wconf 89' lang='lat' dir='ltr'><strong>post·</strong></span> 
     </span>
     <span class='ocr_line' id='line_1_6' title="bbox 81 689 1041 781; baseline 0.009 -27"><span class='ocrx_word' id='word_1_29' title='bbox 81 710 190 781; x_wconf 81' lang='lat' dir='ltr'><strong>quam</strong></span> <span class='ocrx_word' id='word_1_30' title='bbox 217 689 366 755; x_wconf 88' lang='lat' dir='ltr'><strong>Romam</strong></span> <span class='ocrx_word' id='word_1_31' title='bbox 399 689 660 771; x_wconf 88' lang='lat' dir='ltr'><strong>aduentabant,</strong></span> <span class='ocrx_word' id='word_1_32' title='bbox 701 692 848 761; x_wconf 82' lang='lat' dir='ltr'><strong>Senatus</strong></span> <span class='ocrx_word' id='word_1_33' title='bbox 877 717 898 760; x_wconf 89' lang='lat' dir='ltr'><strong>a</strong></span> <span class='ocrx_word' id='word_1_34' title='bbox 926 696 1041 764; x_wconf 82' lang='lat' dir='ltr'><strong>Bestia</strong></span> 
     </span>
     <span class='ocr_line' id='line_1_7' title="bbox 80 788 1039 867; baseline 0.001 -3"><span class='ocrx_word' id='word_1_35' title='bbox 80 788 279 864; x_wconf 77' lang='lat' dir='ltr'><strong>eonsultus:</strong></span> <span class='ocrx_word' id='word_1_36' title='bbox 314 817 570 862; x_wconf 76' lang='lat' dir='ltr'><strong>rracsnrraa</strong></span> <span class='ocrx_word' id='word_1_37' title='bbox 595 818 772 865; x_wconf 71' lang='lat' dir='ltr'><strong>unsaros</strong></span> <span class='ocrx_word' id='word_1_38' title='bbox 800 818 1039 867; x_wconf 77' lang='lat' dir='ltr'><strong>rvovnrrrar</strong></span> 
     </span>
     <span class='ocr_line' id='line_1_8' title="bbox 79 900 1039 993; baseline 0.005 -27"><span class='ocrx_word' id='word_1_39' title='bbox 79 923 219 975; x_wconf 70' lang='lat' dir='ltr'><strong>asem</strong></span> <span class='ocrx_word' id='word_1_40' title='bbox 253 923 469 970; x_wconf 78' lang='lat' dir='ltr'><strong>uornravs.</strong></span> <span class='ocrx_word' id='word_1_41' title='bbox 519 905 613 993; x_wconf 85' lang='lat' dir='ltr'><strong>iique</strong></span> <span class='ocrx_word' id='word_1_42' title='bbox 647 900 856 971; x_wconf 79' lang='lat' dir='ltr'><strong>decreuere:</strong></span> <span class='ocrx_word' id='word_1_43' title='bbox 903 911 945 970; x_wconf 85' lang='lat' dir='ltr'><strong>ni</strong></span> <span class='ocrx_word' id='word_1_44' title='bbox 989 930 1039 972; x_wconf 82' lang='lat' dir='ltr'><strong>re·</strong></span> 
     </span>
     <span class='ocr_line' id='line_1_9' title="bbox 75 1008 1039 1100; baseline 0.004 -27"><span class='ocrx_word' id='word_1_45' title='bbox 75 1030 207 1095; x_wconf 79' lang='lat' dir='ltr'><strong>gnum,</strong></span> <span class='ocrx_word' id='word_1_46' title='bbox 235 1009 416 1100; x_wconf 74' lang='lat' dir='ltr'><strong>ipsumque</strong></span> <span class='ocrx_word' id='word_1_47' title='bbox 439 1008 593 1073; x_wconf 79' lang='lat' dir='ltr'><strong>dedr&#39;tum</strong></span> <span class='ocrx_word' id='word_1_48' title='bbox 607 1013 800 1089; x_wconf 61' lang='lat' dir='ltr'><strong>&#39;venmsena</strong></span> <span class='ocrx_word' id='word_1_49' title='bbox 826 1016 883 1075; x_wconf 78' lang='lat' dir='ltr'><strong>vei</strong></span> <span class='ocrx_word' id='word_1_50' title='bbox 903 1016 942 1076; x_wconf 85' lang='lat' dir='ltr'><strong>in</strong></span> <span class='ocrx_word' id='word_1_51' title='bbox 966 1013 1039 1077; x_wconf 80' lang='lat' dir='ltr'><strong>dis·</strong></span> 
     </span>
     <span class='ocr_line' id='line_1_10' title="bbox 79 1106 1039 1202; baseline 0.006 -23"><span class='ocrx_word' id='word_1_52' title='bbox 79 1106 155 1179; x_wconf 70' lang='lat' dir='ltr'><strong>bur</strong></span> <span class='ocrx_word' id='word_1_53' title='bbox 171 1117 398 1202; x_wconf 76' lang='lat' dir='ltr'><strong>(proxumis).</strong></span> <span class='ocrx_word' id='word_1_54' title='bbox 417 1114 532 1180; x_wconf 86' lang='lat' dir='ltr'><strong>decem</strong></span> <span class='ocrx_word' id='word_1_55' title='bbox 557 1114 668 1179; x_wconf 81' lang='lat' dir='ltr'><strong>Italia</strong></span> <span class='ocrx_word' id='word_1_56' title='bbox 691 1115 896 1182; x_wconf 81' lang='lat' dir='ltr'><strong>decederent.</strong></span> <span class='ocrx_word' id='word_1_57' title='bbox 946 1119 1039 1185; x_wconf 82' lang='lat' dir='ltr'><strong>Con·</strong></span> 
     </span>
     <span class='ocr_line' id='line_1_11' title="bbox 78 1216 1032 1289; baseline 0.004 -4"><span class='ocrx_word' id='word_1_58' title='bbox 78 1216 138 1286; x_wconf 83' lang='lat' dir='ltr'><strong>sul</strong></span> <span class='ocrx_word' id='word_1_59' title='bbox 164 1216 324 1285; x_wconf 84' lang='lat' dir='ltr'><strong>Numidis</strong></span> <span class='ocrx_word' id='word_1_60' title='bbox 351 1240 393 1283; x_wconf 80' lang='lat' dir='ltr'><strong>ex</strong></span> <span class='ocrx_word' id='word_1_61' title='bbox 421 1217 542 1285; x_wconf 82' lang='lat' dir='ltr'><strong>Senati</strong></span> <span class='ocrx_word' id='word_1_62' title='bbox 570 1219 713 1286; x_wconf 87' lang='lat' dir='ltr'><strong>deoreto</strong></span> <span class='ocrx_word' id='word_1_63' title='bbox 738 1223 895 1286; x_wconf 74' lang='lat' dir='ltr'><strong>nuntiari</strong></span> <span class='ocrx_word' id='word_1_64' title='bbox 923 1222 1032 1289; x_wconf 85' lang='lat' dir='ltr'><strong>iubet.</strong></span> 
     </span>
     <span class='ocr_line' id='line_1_12' title="bbox 78 1322 1037 1394; baseline 0.003 -3"><span class='ocrx_word' id='word_1_65' title='bbox 78 1327 131 1391; x_wconf 87' lang='lat' dir='ltr'><strong>ita</strong></span> <span class='ocrx_word' id='word_1_66' title='bbox 147 1323 284 1390; x_wconf 85' lang='lat' dir='ltr'><strong>infectis</strong></span> <span class='ocrx_word' id='word_1_67' title='bbox 301 1323 403 1390; x_wconf 87' lang='lat' dir='ltr'><strong>rebus</strong></span> <span class='ocrx_word' id='word_1_68' title='bbox 427 1322 479 1389; x_wconf 93' lang='lat' dir='ltr'><strong>illi</strong></span> <span class='ocrx_word' id='word_1_69' title='bbox 497 1324 642 1390; x_wconf 89' lang='lat' dir='ltr'><strong>domum</strong></span> <span class='ocrx_word' id='word_1_70' title='bbox 661 1322 853 1391; x_wconf 86' lang='lat' dir='ltr'><strong>discedunt.</strong></span> <span class='ocrx_word' id='word_1_71' title='bbox 892 1327 1037 1394; x_wconf 84' lang='lat' dir='ltr'><strong>Interim</strong></span> 
     </span>
     <span class='ocr_line' id='line_1_13' title="bbox 78 1426 1036 1520; baseline 0.001 -23"><span class='ocrx_word' id='word_1_72' title='bbox 78 1426 302 1519; x_wconf 75' lang='lat' dir='ltr'>Calpurnius,</span> <span class='ocrx_word' id='word_1_73' title='bbox 332 1442 454 1518; x_wconf 90' lang='lat' dir='ltr'><strong>parato</strong></span> <span class='ocrx_word' id='word_1_74' title='bbox 477 1432 640 1508; x_wconf 85' lang='lat' dir='ltr'><strong>exercitu,</strong></span> <span class='ocrx_word' id='word_1_75' title='bbox 672 1427 765 1520; x_wconf 84' lang='lat' dir='ltr'><strong>legat</strong></span> <span class='ocrx_word' id='word_1_76' title='bbox 787 1430 852 1495; x_wconf 84' lang='lat' dir='ltr'><strong>sibi</strong></span> <span class='ocrx_word' id='word_1_77' title='bbox 876 1431 1036 1499; x_wconf 87' lang='lat' dir='ltr'><strong>homines</strong></span> 
     </span>
     <span class='ocr_line' id='line_1_14' title="bbox 75 1531 1036 1625; baseline 0.002 -24"><span class='ocrx_word' id='word_1_78' title='bbox 75 1531 221 1614; x_wconf 85' lang='lat' dir='ltr'><strong>nobilis,</strong></span> <span class='ocrx_word' id='word_1_79' title='bbox 246 1532 423 1612; x_wconf 84' lang='lat' dir='ltr'><strong>factiosos,</strong></span> <span class='ocrx_word' id='word_1_80' title='bbox 451 1554 600 1622; x_wconf 88' lang='lat' dir='ltr'><strong>quorum</strong></span> <span class='ocrx_word' id='word_1_81' title='bbox 622 1538 841 1612; x_wconf 83' lang='lat' dir='ltr'><strong>auctoritate,</strong></span> <span class='ocrx_word' id='word_1_82' title='bbox 870 1558 957 1625; x_wconf 87' lang='lat' dir='ltr'><strong>quae</strong></span> <span class='ocrx_word' id='word_1_83' title='bbox 975 1535 1036 1603; x_wconf 89' lang='lat' dir='ltr'><strong>de·</strong></span> 
     </span>
     <span class='ocr_line' id='line_1_15' title="bbox 76 1637 1036 1730; baseline 0.001 -24"><span class='ocrx_word' id='word_1_84' title='bbox 76 1638 254 1730; x_wconf 83' lang='lat' dir='ltr'><strong>liquisset,</strong></span> <span class='ocrx_word' id='word_1_85' title='bbox 295 1643 432 1705; x_wconf 89' lang='lat' dir='ltr'><strong>munita</strong></span> <span class='ocrx_word' id='word_1_86' title='bbox 464 1637 541 1703; x_wconf 86' lang='lat' dir='ltr'><strong>fore</strong></span> <span class='ocrx_word' id='word_1_87' title='bbox 572 1638 752 1728; x_wconf 80' lang='lat' dir='ltr'><strong>sperabat:</strong></span> <span class='ocrx_word' id='word_1_88' title='bbox 801 1645 840 1704; x_wconf 88' lang='lat' dir='ltr'><strong>in</strong></span> <span class='ocrx_word' id='word_1_89' title='bbox 865 1645 941 1729; x_wconf 88' lang='lat' dir='ltr'><strong>quis</strong></span> <span class='ocrx_word' id='word_1_90' title='bbox 969 1638 1036 1707; x_wconf 85' lang='lat' dir='ltr'><strong>fuit</strong></span> 
     </span>
     <span class='ocr_line' id='line_1_16' title="bbox 75 1743 1035 1833; baseline -0.005 -18"><span class='ocrx_word' id='word_1_91' title='bbox 75 1747 247 1823; x_wconf 81' lang='lat' dir='ltr'><strong>Soaurrrs,</strong></span> <span class='ocrx_word' id='word_1_92' title='bbox 284 1747 383 1811; x_wconf 85' lang='lat' dir='ltr'><strong>cuius</strong></span> <span class='ocrx_word' id='word_1_93' title='bbox 413 1743 456 1811; x_wconf 91' lang='lat' dir='ltr'><strong>de</strong></span> <span class='ocrx_word' id='word_1_94' title='bbox 483 1758 607 1809; x_wconf 87' lang='lat' dir='ltr'><strong>natura</strong></span> <span class='ocrx_word' id='word_1_95' title='bbox 630 1759 668 1809; x_wconf 89' lang='lat' dir='ltr'><strong>et</strong></span> <span class='ocrx_word' id='word_1_96' title='bbox 691 1743 811 1809; x_wconf 89' lang='lat' dir='ltr'><strong>habitu</strong></span> <span class='ocrx_word' id='word_1_97' title='bbox 837 1767 943 1833; x_wconf 87' lang='lat' dir='ltr'><strong>supra</strong></span> <span class='ocrx_word' id='word_1_98' title='bbox 967 1766 1035 1810; x_wconf 89' lang='lat' dir='ltr'><strong>me·</strong></span> 
     </span>
     <span class='ocr_line' id='line_1_17' title="bbox 75 1846 1035 1918; baseline -0.003 0"><span class='ocrx_word' id='word_1_99' title='bbox 75 1853 301 1918; x_wconf 81' lang='lat' dir='ltr'><strong>messuimus.</strong></span> <span class='ocrx_word' id='word_1_100' title='bbox 372 1850 466 1917; x_wconf 88' lang='lat' dir='ltr'><strong>Nam</strong></span> <span class='ocrx_word' id='word_1_101' title='bbox 497 1852 535 1914; x_wconf 91' lang='lat' dir='ltr'><strong>in</strong></span> <span class='ocrx_word' id='word_1_102' title='bbox 563 1846 714 1915; x_wconf 87' lang='lat' dir='ltr'><strong>Consule</strong></span> <span class='ocrx_word' id='word_1_103' title='bbox 748 1865 869 1917; x_wconf 82' lang='lat' dir='ltr'><strong>nostro</strong></span> <span class='ocrx_word' id='word_1_104' title='bbox 902 1847 1035 1915; x_wconf 84' lang='lat' dir='ltr'><strong>multae</strong></span> 
     </span>
     <span class='ocr_line' id='line_1_18' title="bbox 76 1957 1101 2045; baseline 0.001 -23"><span class='ocrx_word' id='word_1_105' title='bbox 76 1957 260 2045; x_wconf 75' lang='lat' dir='ltr'><strong>bonaeque</strong></span> <span class='ocrx_word' id='word_1_106' title='bbox 284 1970 377 2021; x_wconf 84' lang='lat' dir='ltr'><strong>artes</strong></span> <span class='ocrx_word' id='word_1_107' title='bbox 407 1957 516 2019; x_wconf 87' lang='lat' dir='ltr'><strong>animi</strong></span> <span class='ocrx_word' id='word_1_108' title='bbox 545 1968 581 2017; x_wconf 87' lang='lat' dir='ltr'><strong>et</strong></span> <span class='ocrx_word' id='word_1_109' title='bbox 610 1960 767 2042; x_wconf 87' lang='lat' dir='ltr'><strong>corporis</strong></span> <span class='ocrx_word' id='word_1_110' title='bbox 795 1971 917 2033; x_wconf 71' lang='lat' dir='ltr'><strong>erant,</strong></span> <span class='ocrx_word' id='word_1_111' title='bbox 950 1976 1033 2045; x_wconf 85' lang='lat' dir='ltr'><strong>ques</strong></span> <span class='ocrx_word' id='word_1_112' title='bbox 1096 2014 1101 2023; x_wconf 89' lang='lat'><em>.</em></span> 
     </span>
     <span class='ocr_line' id='line_1_19' title="bbox 75 2055 1031 2149; baseline -0.004 -21"><span class='ocrx_word' id='word_1_113' title='bbox 75 2063 192 2127; x_wconf 80' lang='lat' dir='ltr'><strong>omnis</strong></span> <span class='ocrx_word' id='word_1_114' title='bbox 221 2063 366 2127; x_wconf 86' lang='lat' dir='ltr'><strong>auaritia</strong></span> <span class='ocrx_word' id='word_1_115' title='bbox 395 2055 652 2149; x_wconf 83' lang='lat' dir='ltr'><strong>praepediebat.</strong></span> <span class='ocrx_word' id='word_1_116' title='bbox 694 2062 828 2147; x_wconf 89' lang='lat' dir='ltr'><strong>patiens</strong></span> <span class='ocrx_word' id='word_1_117' title='bbox 859 2057 1031 2139; x_wconf 84' lang='lat' dir='ltr'><strong>laborum,</strong></span> 
     </span>
     <span class='ocr_line' id='line_1_20' title="bbox 74 2161 1034 2255; baseline -0.003 -23"><span class='ocrx_word' id='word_1_118' title='bbox 74 2170 150 2232; x_wconf 82' lang='lat' dir='ltr'><strong>acri</strong></span> <span class='ocrx_word' id='word_1_119' title='bbox 172 2170 334 2255; x_wconf 89' lang='lat' dir='ltr'><strong>ingenio,</strong></span> <span class='ocrx_word' id='word_1_120' title='bbox 361 2171 443 2228; x_wconf 89' lang='lat' dir='ltr'><strong>satis</strong></span> <span class='ocrx_word' id='word_1_121' title='bbox 471 2161 679 2253; x_wconf 84' lang='lat' dir='ltr'><strong>prouidens,</strong></span> <span class='ocrx_word' id='word_1_122' title='bbox 708 2161 791 2227; x_wconf 89' lang='lat' dir='ltr'><strong>belli</strong></span> <span class='ocrx_word' id='word_1_123' title='bbox 816 2163 909 2229; x_wconf 90' lang='lat' dir='ltr'><strong>haud</strong></span> <span class='ocrx_word' id='word_1_124' title='bbox 935 2171 1034 2253; x_wconf 87' lang='lat' dir='ltr'><strong>igna-</strong></span> 
     </span>
     <span class='ocr_line' id='line_1_21' title="bbox 20 2262 1030 2356; baseline -0.003 -18"><span class='ocrx_word' id='word_1_125' title='bbox 20 2262 25 2269; x_wconf 53' lang='grc'><strong><em>’</em></strong></span> <span class='ocrx_word' id='word_1_126' title='bbox 73 2294 156 2352; x_wconf 80' lang='lat' dir='ltr'><strong>rus,</strong></span> <span class='ocrx_word' id='word_1_127' title='bbox 194 2268 425 2336; x_wconf 87' lang='lat' dir='ltr'><strong>firmissumus</strong></span> <span class='ocrx_word' id='word_1_128' title='bbox 459 2283 581 2334; x_wconf 89' lang='lat' dir='ltr'><strong>contra</strong></span> <span class='ocrx_word' id='word_1_129' title='bbox 618 2266 773 2356; x_wconf 88' lang='lat' dir='ltr'><strong>pericula</strong></span> <span class='ocrx_word' id='word_1_130' title='bbox 807 2285 843 2335; x_wconf 84' lang='lat' dir='ltr'><strong>et</strong></span> <span class='ocrx_word' id='word_1_131' title='bbox 880 2268 1030 2335; x_wconf 87' lang='lat' dir='ltr'><strong>insidias.</strong></span> 
     </span>
     <span class='ocr_line' id='line_1_22' title="bbox 73 2358 1032 2466; baseline -0.005 -20"><span class='ocrx_word' id='word_1_132' title='bbox 73 2375 148 2446; x_wconf 79' lang='lat' dir='ltr'><strong>sed</strong></span> <span class='ocrx_word' id='word_1_133' title='bbox 167 2373 322 2466; x_wconf 78' lang='lat' dir='ltr'><strong>legiones</strong></span> <span class='ocrx_word' id='word_1_134' title='bbox 344 2396 409 2463; x_wconf 86' lang='lat' dir='ltr'><strong>per</strong></span> <span class='ocrx_word' id='word_1_135' title='bbox 436 2372 571 2440; x_wconf 85' lang='lat' dir='ltr'><strong>Italiam</strong></span> <span class='ocrx_word' id='word_1_136' title='bbox 595 2373 787 2462; x_wconf 82' lang='lat' dir='ltr'><strong>Rhegium,</strong></span> <span class='ocrx_word' id='word_1_137' title='bbox 819 2358 923 2465; x_wconf 78' lang='lat' dir='ltr'><strong>atque</strong></span> <span class='ocrx_word' id='word_1_138' title='bbox 950 2370 1032 2441; x_wconf 76' lang='lat' dir='ltr'><strong>inde</strong></span> 
     </span>
     <span class='ocr_line' id='line_1_23' title="bbox 73 2477 1026 2569; baseline -0.009 -18"><span class='ocrx_word' id='word_1_139' title='bbox 73 2479 245 2558; x_wconf 80' lang='lat' dir='ltr'><strong>Siciliam,</strong></span> <span class='ocrx_word' id='word_1_140' title='bbox 268 2502 374 2569; x_wconf 89' lang='lat' dir='ltr'><strong>porro</strong></span> <span class='ocrx_word' id='word_1_141' title='bbox 391 2502 432 2545; x_wconf 78' lang='lat' dir='ltr'><strong>ex</strong></span> <span class='ocrx_word' id='word_1_142' title='bbox 445 2477 614 2544; x_wconf 87' lang='lat' dir='ltr'><strong>Siciliain</strong></span> <span class='ocrx_word' id='word_1_143' title='bbox 627 2478 784 2545; x_wconf 85' lang='lat' dir='ltr'><strong>Africam</strong></span> <span class='ocrx_word' id='word_1_144' title='bbox 799 2495 1026 2546; x_wconf 84' lang='lat' dir='ltr'><strong>transuectee.</strong></span> 
     </span>
     <span class='ocr_line' id='line_1_24' title="bbox 72 2582 1028 2676; baseline -0.002 -23"><span class='ocrx_word' id='word_1_145' title='bbox 72 2589 188 2676; x_wconf 82' lang='lat' dir='ltr'><strong>Igitur</strong></span> <span class='ocrx_word' id='word_1_146' title='bbox 210 2582 417 2675; x_wconf 76' lang='lat' dir='ltr'><strong>Calpurniup</strong></span> <span class='ocrx_word' id='word_1_147' title='bbox 446 2587 564 2664; x_wconf 87' lang='lat' dir='ltr'><strong>initio,</strong></span> <span class='ocrx_word' id='word_1_148' title='bbox 597 2589 733 2673; x_wconf 63' lang='lat' dir='ltr'><strong>⁴paratis</strong></span> <span class='ocrx_word' id='word_1_149' title='bbox 763 2582 1028 2662; x_wconf 80' lang='lat' dir='ltr'><strong>commeatibus,</strong></span> 
     </span>
     <span class='ocr_line' id='line_1_25' title="bbox 72 2674 1029 2777; baseline -0.003 -18"><span class='ocrx_word' id='word_1_150' title='bbox 72 2694 203 2759; x_wconf 74' lang='lat' dir='ltr'><strong>aeriter</strong></span> <span class='ocrx_word' id='word_1_151' title='bbox 224 2674 427 2757; x_wconf 85' lang='lat' dir='ltr'><strong>Numidiam</strong></span> <span class='ocrx_word' id='word_1_152' title='bbox 454 2693 626 2777; x_wconf 88' lang='lat' dir='ltr'><strong>ingressus</strong></span> <span class='ocrx_word' id='word_1_153' title='bbox 644 2705 708 2767; x_wconf 92' lang='lat' dir='ltr'><strong>est,</strong></span> <span class='ocrx_word' id='word_1_154' title='bbox 740 2688 868 2756; x_wconf 89' lang='lat' dir='ltr'><strong>multos</strong></span> <span class='ocrx_word' id='word_1_155' title='bbox 899 2704 1029 2756; x_wconf 83' lang='lat' dir='ltr'><strong>morta·</strong></span> 
     </span>
     <span class='ocr_line' id='line_1_26' title="bbox 73 2792 761 2885; baseline -0.007 -23"><span class='ocrx_word' id='word_1_156' title='bbox 73 2792 137 2880; x_wconf 79' lang='lat' dir='ltr'><strong>lis,</strong></span> <span class='ocrx_word' id='word_1_157' title='bbox 168 2794 258 2864; x_wconf 76' lang='lat' dir='ltr'><strong>vrbis</strong></span> <span class='ocrx_word' id='word_1_158' title='bbox 281 2793 415 2885; x_wconf 81' lang='lat' dir='ltr'><strong>aliquot</strong></span> <span class='ocrx_word' id='word_1_159' title='bbox 443 2792 632 2884; x_wconf 89' lang='lat' dir='ltr'><strong>pugnando</strong></span> <span class='ocrx_word' id='word_1_160' title='bbox 659 2801 761 2883; x_wconf 88' lang='lat' dir='ltr'><strong>capit.</strong></span> 
     </span>
    </p>
   </div>
   <div class='ocr_carea' id='block_1_3' title="bbox 391 2924 816 3071">
    <p class='ocr_par' dir='ltr' id='par_1_3' title="bbox 391 2924 816 3071">
     <span class='ocr_line' id='line_1_27' title="bbox 391 2924 816 3071; baseline 0.002 -34"><span class='ocrx_word' id='word_1_161' title='bbox 391 2970 523 3037; x_wconf 71' lang='lat' dir='ltr'><strong>aar.</strong></span> <span class='ocrx_word' id='word_1_162' title='bbox 562 2924 707 3071; x_wconf 61' lang='lat' dir='ltr'><strong>Kapsa</strong></span> <span class='ocrx_word' id='word_1_163' title='bbox 780 3028 816 3051; x_wconf 40' lang='lat'><strong>„</strong></span> 
     </span>
    </p>
   </div>
   <div class='ocr_carea' id='block_1_4' title="bbox 23 3108 1028 3729">
    <p class='ocr_par' dir='ltr' id='par_1_4' title="bbox 23 3108 1028 3729">
     <span class='ocr_line' id='line_1_28' title="bbox 74 3108 1025 3202; baseline -0.002 -24"><span class='ocrx_word' id='word_1_164' title='bbox 74 3152 77 3157; x_wconf 95' lang='lat'>·</span> <span class='ocrx_word' id='word_1_165' title='bbox 141 3109 212 3177; x_wconf 80' lang='lat' dir='ltr'><strong>sed</strong></span> <span class='ocrx_word' id='word_1_166' title='bbox 228 3108 287 3178; x_wconf 86' lang='lat' dir='ltr'><strong>vbi</strong></span> <span class='ocrx_word' id='word_1_167' title='bbox 304 3110 472 3200; x_wconf 81' lang='lat' dir='ltr'><strong>Iugurtha</strong></span> <span class='ocrx_word' id='word_1_168' title='bbox 488 3133 553 3201; x_wconf 88' lang='lat' dir='ltr'><strong>per</strong></span> <span class='ocrx_word' id='word_1_169' title='bbox 570 3108 700 3202; x_wconf 90' lang='lat' dir='ltr'><strong>legatos</strong></span> <span class='ocrx_word' id='word_1_170' title='bbox 713 3115 861 3200; x_wconf 85' lang='lat' dir='ltr'><strong>pecunia</strong></span> <span class='ocrx_word' id='word_1_171' title='bbox 876 3125 1025 3188; x_wconf 84' lang='lat' dir='ltr'><strong>tentare,</strong></span> 
     </span>
     <span class='ocr_line' id='line_1_29' title="bbox 73 3212 1028 3307; baseline -0.002 -25"><span class='ocrx_word' id='word_1_172' title='bbox 73 3212 237 3306; x_wconf 77' lang='lat' dir='ltr'><strong>bellique,</strong></span> <span class='ocrx_word' id='word_1_173' title='bbox 263 3215 358 3307; x_wconf 91' lang='lat' dir='ltr'><strong>quod</strong></span> <span class='ocrx_word' id='word_1_174' title='bbox 374 3213 646 3295; x_wconf 85' lang='lat' dir='ltr'><strong>administrabat,</strong></span> <span class='ocrx_word' id='word_1_175' title='bbox 674 3221 893 3306; x_wconf 83' lang='lat' dir='ltr'><strong>asperitatem</strong></span> <span class='ocrx_word' id='word_1_176' title='bbox 911 3229 1028 3281; x_wconf 85' lang='lat' dir='ltr'><strong>osten·</strong></span> 
     </span>
     <span class='ocr_line' id='line_1_30' title="bbox 23 3319 1027 3412; baseline -0.002 -25"><span class='ocrx_word' id='word_1_177' title='bbox 23 3406 26 3411; x_wconf 86' lang='lat'>.</span> <span class='ocrx_word' id='word_1_178' title='bbox 72 3319 159 3389; x_wconf 84' lang='lat' dir='ltr'><strong>dere</strong></span> <span class='ocrx_word' id='word_1_179' title='bbox 176 3326 307 3412; x_wconf 88' lang='lat' dir='ltr'><strong>coepit.</strong></span> <span class='ocrx_word' id='word_1_180' title='bbox 336 3326 472 3387; x_wconf 83' lang='lat' dir='ltr'><strong>animus</strong></span> <span class='ocrx_word' id='word_1_181' title='bbox 485 3343 589 3412; x_wconf 85' lang='lat' dir='ltr'><strong>aeger</strong></span> <span class='ocrx_word' id='word_1_182' title='bbox 609 3325 752 3387; x_wconf 86' lang='lat' dir='ltr'><strong>auaritia</strong></span> <span class='ocrx_word' id='word_1_183' title='bbox 765 3319 867 3386; x_wconf 85' lang='lat' dir='ltr'><strong>facile</strong></span> <span class='ocrx_word' id='word_1_184' title='bbox 881 3340 1027 3385; x_wconf 89' lang='lat' dir='ltr'><strong>conuer-</strong></span> 
     </span>
     <span class='ocr_line' id='line_1_31' title="bbox 71 3424 1026 3499; baseline -0.003 -6"><span class='ocrx_word' id='word_1_185' title='bbox 71 3448 131 3499; x_wconf 76' lang='lat' dir='ltr'><strong>sus</strong></span> <span class='ocrx_word' id='word_1_186' title='bbox 152 3440 216 3493; x_wconf 85' lang='lat' dir='ltr'><strong>est.</strong></span> <span class='ocrx_word' id='word_1_187' title='bbox 265 3424 435 3493; x_wconf 85' lang='lat' dir='ltr'><strong>Ceterum</strong></span> <span class='ocrx_word' id='word_1_188' title='bbox 452 3433 565 3494; x_wconf 85' lang='lat' dir='ltr'><strong>socius</strong></span> <span class='ocrx_word' id='word_1_189' title='bbox 589 3442 626 3492; x_wconf 88' lang='lat' dir='ltr'><strong>et</strong></span> <span class='ocrx_word' id='word_1_190' title='bbox 643 3427 845 3493; x_wconf 84' lang='lat' dir='ltr'><strong>administer</strong></span> <span class='ocrx_word' id='word_1_191' title='bbox 868 3429 1026 3490; x_wconf 87' lang='lat' dir='ltr'><strong>omnium</strong></span> 
     </span>
     <span class='ocr_line' id='line_1_32' title="bbox 70 3500 1026 3621; baseline -0.006 -22"><span class='ocrx_word' id='word_1_192' title='bbox 70 3500 300 3599; x_wconf 76' lang='lat' dir='ltr'><strong>oonsiliordm</strong></span> <span class='ocrx_word' id='word_1_193' title='bbox 324 3508 519 3598; x_wconf 82' lang='lat' dir='ltr'><strong>adsumitur</strong></span> <span class='ocrx_word' id='word_1_194' title='bbox 546 3531 720 3611; x_wconf 85' lang='lat' dir='ltr'><strong>Scaurus,</strong></span> <span class='ocrx_word' id='word_1_195' title='bbox 762 3535 823 3621; x_wconf 91' lang='lat' dir='ltr'><strong>qui</strong></span> <span class='ocrx_word' id='word_1_196' title='bbox 844 3532 982 3596; x_wconf 84' lang='lat' dir='ltr'><strong>tametsi</strong></span> <span class='ocrx_word' id='word_1_197' title='bbox 1006 3550 1026 3593; x_wconf 79' lang='lat' dir='ltr'><strong>a</strong></span> 
     </span>
     <span class='ocr_line' id='line_1_33' title="bbox 70 3633 1027 3729; baseline -0.006 -26"><span class='ocrx_word' id='word_1_198' title='bbox 70 3637 261 3729; x_wconf 78' lang='lat' dir='ltr'><strong>principio,</strong></span> <span class='ocrx_word' id='word_1_199' title='bbox 298 3633 474 3729; x_wconf 70' lang='lat' dir='ltr'><strong>plurisque</strong></span> <span class='ocrx_word' id='word_1_200' title='bbox 497 3635 714 3704; x_wconf 70' lang='lat' dir='ltr'><strong>exsectione</strong></span> <span class='ocrx_word' id='word_1_201' title='bbox 736 3642 812 3728; x_wconf 78' lang='lat' dir='ltr'><strong>eius</strong></span> <span class='ocrx_word' id='word_1_202' title='bbox 836 3638 1027 3727; x_wconf 78' lang='lat' dir='ltr'><strong>corruptis,</strong></span> 
     </span>
    </p>
   </div>
   <div class='ocr_carea' id='block_1_5' title="bbox 0 0 1134 3998">
    <p class='ocr_par' dir='ltr' id='par_1_5' title="bbox 0 0 1134 3998">
     <span class='ocr_line' id='line_1_34' title="bbox 0 0 1134 3998; baseline 0 3"><span class='ocrx_word' id='word_1_203' title='bbox 0 0 1134 3998; x_wconf 95' lang='lat' dir='ltr'><strong> </strong></span> 
     </span>
    </p>
   </div>
  </div>
 </body>
</html>
