2258 3998
195 104 547 207 carimeris
578 104 862 176 suisvsru.
940 128 1008 200 279

111 294 115 305 ,
139 263 203 324 Sed
221 265 261 324 de
280 261 327 323 his
351 261 494 345 omnibus
515 261 684 324 admonere
705 278 825 331 tantum
846 276 1033 349 possumus

56 360 213 430 Lectores,
240 362 284 420 vti
304 381 389 421 nunc
411 379 506 440 porro
529 359 569 418 de
594 359 722 441 reliquis
744 360 813 444 styli
835 360 1008 423 Sallustiani
1041 394 1046 407 «

58 457 308 537 proprietatibus.
350 455 403 515 Ad
425 476 475 514 eas
496 476 571 515 vero
593 459 727 517 maxime
751 457 828 518 haec
851 445 1028 538 pertinere¹

40 546 188 614 ‘censent
210 553 300 634 quod
319 522 561 633 primumcum,
584 550 651 620 sed,
679 554 780 630 igitur
800 550 1008 643 plurimarum

58 641 265 729 periodorum
277 647 375 708 facit
362 649 507 717 initium3
536 647 685 725 deinde(
674 649 788 729 (idque
805 663 837 706 et
851 651 1009 735 sequentia¹

60 745 126 813 sine
151 744 247 806 dubio
269 746 392 805 maioris
414 744 638 823 perspicuitatis
660 764 764 803 caussa
787 758 892 825 neque
911 742 1009 805 'etiarn

60 840 127 899 sine
150 839 320 922 elegantia)
344 842 379 899 iu
401 838 883 920 enarrandis‘rebuspraeteritis
905 843 1009 900 tariren

39 950 95 1003 ,vt
108 935 281 1025 plurimum
304 935 432 996 adhibet
441 933 535 993 verba
555 938 699 1014 temporis
718 938 882 1016 praesentis
907 935 1012 1015 vadet,
1102 930 1110 941 ’

58 1032 163 1102 iubet,
185 1031 311 1101 suadet,
332 1032 486 1102 aliasaut
504 1029 689 1100 infinitiuos,
700 1032 854 1112 ,itemque
873 1032 1018 1093 formam-

15 1150 18 1155 ·
58 1129 169 1189 tertiae
190 1129 349 1211 praeteriti
372 1125 554 1208 pluralisin
577 1148 628 1186 ere
649 1142 806 1208 prount,
822 1130 921 1207 ficere
945 1148 1010 1189 non

47 1223 195 1306 suerunt
217 1238 248 1282 et
271 1222 367 1282 semel
390 1238 509 1283 tanturn
531 1244 562 1302 p.
588 1223 653 1303 159.
676 1226 888 1304 profueruntt
915 1244 1011 1302 porro
1108 1223 1110 1228 ’

59 1320 176 1387 arctius
190 1320 300 1401 iungit,
323 1339 403 1399 quae
415 1318 597 1379 relationem
613 1321 694 1378 inter
713 1339 746 1378 se
766 1318 935 1380 habent-
948 1323 1009 1392 Ιιίι,
1036 1394 1042 1407 ,

59 1414 136 1483 illis,
151 1415 228 1484 ala,
250 1416 337 1480 alia;
357 1416 426 1483 alii,
445 1434 534 1496 pars,
556 1414 704 1483 alterum,
726 1416 884 1482 alterum,·
905 1417 1020 1486 modo,¹

59 1509 172 1579 modo,
199 1512 295 1588 sacta
320 1507 441 1578 dictem
470 1509 610 1569 tandem
623 1511 713 1568 toties
737 1512 850 1618 repetit
871 1525 1010 1584 ιιιιιιιιιι,

56 1606 166 1665 talis
159 1627 192 1662 m
213 1606 325 1686 quouis
344 1624 425 1663 casu.
468 1603 599 1686 Reliqua
617 1604 708 1664 facile
729 1607 827 1665 cuiuis
848 1626 886 1666 ex
904 1608 1012 1669 Indice

61 1700 302 1805 apparebunt,
293 1721 335 1758 ιιι
347 1720 411 1780 quo
431 1721 516 1760 nunc
528 1701 702 1769 subsistam
709 1683 888 1762 monendo
908 1714 1022 1765 tarnen-

10 1808 17 1824 ⁸
61 1798 189 1858 vnicum
209 1796 280 1866 hoc,
309 1815 360 1854 me
373 1795 609 1879 v1x1ntell1gere
625 1797 784 1879 quomodo
797 1819 875 1857 vnus
889 1799 1013 1860 Gellius

60 1891 90 1953 Ῑ.
118 1891 162 1951 15.
197 1890 337 1952 Sallustio
355 1893 499 1972 'potuerit
523 1888 728 1972 opprobrium
746 1891 855 1954 -facere
882 1911 1013 1966 nouato·

62 1990 108 2067 ris
125 1989 293 2051 uerborum
314 2002 348 2047 et
365 2003 472 2048 ¹contra
495 1988 600 2049 dicere
623 1988 699 2048 elius
719 1990 803 2069 apud
824 1988 1013 2052 Suetonium

62 2086 99 2145 in
120 2087 181 2145 vita
202 2085 334 2166 Augusti
354 2098 385 2151 et
406 2084 646 2165 Quintilianum
665 2084 752 2145 VIII.
768 2086 798 2144 3.
818 2104 898 2145 eum
917 2088 1015 2156 ¹verbu
1065 2152 1069 2163 ι

30 2262 35 2267 .
63 2181 165 2263 prisca
191 2179 315 2243 Catonis
341 2179 522 2259 excerpsisse
548 2197 647 2258 eaque
672 2179 752 2238 adeo
776 2177 913 2238 fruaturn
938 2203 1010 2245 msa.
1025 2190 1033 2195 “

63 2276 241 2357 Vtrumque
255 2293 314 2356 ego
332 2288 415 2333 certe
428 2293 493 2333 non
512 2273 650 2352 reperire
670 2273 770 2355 potui,
795 2274 852 2332 nisi
867 2277 953 2355 quod
968 2299 1015 2338 se·

65 2372 131 2434 mel
149 2372 225 2432 dixit
239 2370 397 2453 quietibus
420 2384 451 2428 et
467 2356 723 2451 orthographiam
742 2370 949 2450 antiquiorem
970 2394 1016 2433 se·

13 2455 15 2459 ⁴
66 2471 175 2552 quitur
195 2469 278 2537 inis,
298 2466 430 2536 isdem,
426 2464 492 2534 dis,
513 2466 595 2547 queis,
617 2481 762 2542 urguere,
783 2464 938 2537 aduersa,
957 2468 1016 2528 ad·

25 2562 31 2577 “
65 2584 207 2632 vorsum,
227 2563 349 2640 uolgus,
367 2561 484 2643 plebes,
505 2557 660 2629 secordia,
684 2579 848 2631 maxume,
868 2577 1016 2644 optumus

59 2660 276 2739 1ιιιιιιοιιιιιιιιι
298 2659 450 2718 rariorem
473 2677 546 2717 curn
566 2655 695 2739 genitiui
713 2658 845 2725 Seuatit
876 2672 1016 2721 tum-no·
1096 2728 1102 2739 Ι

66 2752 499 2818 ntinatiui'substantinorum
530 2752 751 2812 terminationis
780 2755 814 2814 in
838 2773 887 2824 or,
921 2756 1014 2825 colos,
1101 2760 1105 2777 ¹

68 2853 174 2922 labos,
205 2848 272 2910 rell.
334 2851 445 2932 Itaque
470 2848 552 2909 forte
581 2867 709 2910 nouasse
731 2848 946 2958 intelligendus
972 2865 1017 2910 est

68 2947 148 3010 haec
172 2962 265 3031 atque
286 2944 412 3019 similia,
442 2959 596 3070 quatenus
618 2945 740 3007 caiam
768 2960 834 3006 turn
855 2946 945 3006 missa
966 2967 1016 3007 re-

70 3045 203 3110 vocaus
269 3069 274 3075 ·
310 3076 313 3083 ·

52 3206 56 3211 .
150 3140 281 3206 Venio
272 3128 377 3224 itaque
401 3141 442 3202 ad
463 3141 614 3203 Iudicem.
670 3139 710 3202 In
732 3160 804 3200 eum
827 3140 931 3220 recepi
954 3139 1017 3220 pri·
1049 3193 1064 3219 s.

70 3256 160 3298 mum
179 3239 284 3298 omnia
300 3238 405 3309 verba,
432 3259 539 3304 mnes
551 3235 726 3319 particulas
745 3257 851 3298 omnes
866 3235 1019 3316 loquendi
1117 3260 1120 3265 ·

70 3334 198 3405 modos,
224 3333 337 3415 quibus
357 3355 427 3395 vsus
447 3350 492 3394 est
511 3334 686 3403 Sallustius,
713 3348 746 3392 vt
768 3348 872 3392 tamen
894 3331 934 3389 de
957 3330 1021 3393 hoc

70 3432 140 3512 ipso
166 3450 223 3490 vsu
255 3445 409 3492 constaret
434 3431 546 3490 harum
578 3451 686 3492 rerum
711 3430 842 3490 curioso.
904 3425 1024 3487 Monui

72 3547 168 3608 porro
191 3528 226 3584 in
246 3527 300 3597 iis,
321 3547 412 3609 quae
427 3527 532 3599 semel,
557 3542 591 3588 vt
611 3527 744 3589 verbum
765 3541 1019 3592 commemorare,

14 3625 17 3634 '
71 3634 128 3682 aut
146 3622 193 3684 bis
210 3637 330 3684 tantum
348 3639 529 3747 occurrunt,
552 3626 675 3708 remita
697 3639 768 3681 esse.
812 3618 851 3680 In
866 3616 931 3680 aliis
950 3616 1020 3699 plu·
