2258 3998
97 157 152 203 ‚20
337 106 787 203 couivnnrro

108 288 438 363 debant-atrocitate
451 288 591 383 sceleris
609 311 744 368 eorum,
771 294 833 380 qui
850 286 1060 378 1111111111-

107 395 239 461 derant.
300 395 411 463 Nobis
440 418 560 463 cares
587 419 651 487 pro
675 392 915 487 magnitudine
933 416 1060 484 parum

107 514 287 591 comperta
313 518 375 567 est.

173 761 242 828 Sed
261 768 298 828 in
317 785 357 829 ea
380 758 614 829 conuentione
631 763 700 838 fuit
717 762 759 850 Q
783 760 929 840 Curius,
956 775 1059 843 natus

106 866 200 931 haud
225 867 371 934 obscuro
403 867 497 947 loco,
544 867 686 957 flagitiis
715 882 820 957 atque
846 863 1059 931 facinoribus

99 981 310 1061 'coopertus3
335 996 440 1062 quem
459 973 628 1039 Censores
649 973 780 1039 Senatu
804 969 925 1062 probri
946 975 1060 1059 gratia

103 1093 319 1142 emouerent.
381 1078 477 1144 Huic
504 1077 644 1142 homiui
675 1099 747 1141 non
772 1081 889 1142 minor
910 1074 1056 1152 vanitas,

103 1204 209 1270 quam
235 1179 376 1246 audacia
390 1207 399 1261 3
433 1205 548 1273 neque
575 1188 733 1261 reticere,
770 1204 858 1271 quae
885 1178 1054 1258 audierat,
1091 1228 1093 1235 ,

102 1307 217 1375 neque
248 1276 384 1379 suamet
413 1293 489 1377 ipse
517 1284 645 1353 scelera
680 1284 865 1352 occultare.
899 1288 1057 1376 ¹prorsus

94 1395 226 1479 'neque''
238 1391 373 1469 dicere,
398 1409 513 1482 neque
530 1391 644 1457 facere
660 1391 855 1481 'quidquam
866 1390 1056 1485 pensitha-

101 1493 211 1560 bebat.
260 1496 347 1563 Erat
359 1519 392 1561 01
410 1520 493 1562 cum
506 1494 642 1575 Fuluia,
669 1493 811 1562 mulieri
828 1492 950 1572 nobili,
981 1509 1056 1559 stu-

97 1606 157 1715 pri
187 1616 284 1668 vetus
314 1599 541 1693 consuetudo
594 1607 652 1666 cui
681 1623 762 1667 cum
790 1604 907 1701 minus
934 1613 1054 1688 gratus

97 1702 203 1786 esset,
235 1710 317 1793 quia
335 1711 455 1795 inopia
469 1709 584 1793 minus
599 1702 716 1794 largiri
729 1721 879 1795 poterat,
906 1718 1055 1795 repento

99 1800 252 1898 glorians
275 1815 384 1874 maria
406 1812 614 1900 montesque
634 1807 793 1899 polliceri
816 1817 951 1901 coepit,
984 1814 1053 1874 mi-

96 1919 177 1979 nari
199 1912 378 1978 interdum
395 1913 502 1994 ferro,
529 1920 596 1978 nisi
615 1913 761 1980 obnoxia
782 1915 892 1995 foret3
916 1931 1056 2007 postrc-‚

98 2028 159 2086 'mo
191 2017 341 2084 ferocius
370 2025 520 2109 agitare,
562 2042 667 2110 quam
698 2019 821 2086 solitus
853 2035 936 2087 erat.
1001 2019 1055 2085 At

98 2122 222 2189 Fuluia
260 2121 464 2190 insolentiae
496 2123 595 2191 Curii
632 2148 753 2211 caussa·
782 2133 939 2216 cognita,
978 2122 1054 2191 tale

97 2222 296 2320 periculum
329 2227 542 2319 reipublicae
573 2228 665 2296 haud
698 2229 877 2323 occultum
899 2229 1049 2308 habuit3

96 2333 168 2411 sed,
196 2332 334 2400 sublato
359 2350 513 2412 auctore,
544 2333 588 2399 de
610 2334 779 2403 Catilinae
806 2326 1051 2403 coniuratione

96 2462 184 2529 quae
206 2437 473 2529 quoquomodo
497 2439 655 2509 audierat
681 2439 918 2532 compluribus
936 2438 1050 2506 111111-

96 2550 155 2613 vit.
205 2545 255 2609 Ea
273 2567 327 2608 res
351 2550 512 2634 inprimis
540 2544 655 2611 studia
680 2546 864 2612 hominum
884 2546 1049 2635 'accendit

96 2648 140 2714 ad
166 2648 386 2715 consulatum
404 2648 704 2739 mandandum'M.
730 2649 850 2717 Tullio
868 2650 1055 2733 Ciceroni.=

97 2754 257 2842 Namque
274 2771 375 2820 antea
391 2753 558 2847 pleraque
576 2754 739 2822 nobilitas
757 2756 889 2849 inuidia
912 2766 1054 2825 aestua-'

97 2859 171 2937 bat,
201 2873 237 2922 et
262 2866 358 2947 quasi
384 2858 498 2951 pollui
528 2856 747 2927 consulatum
772 2860 977 2940 credebant,
1015 2867 1046 2926 si

96 2985 198 3040 eum,
228 2970 387 3051 quamuis
413 2972 589 3056 egregius,
626 2966 733 3030 homo
761 2989 873 3031 nouus
898 2966 1046 3055 adeptus

95 3067 194 3132 foret.
244 3067 312 3133 Sed
329 3068 386 3134 vbi
402 3069 599 3160 periculum
616 3070 770 3152 aduenit,
791 3070 925 3139 inuidia
937 3087 1046 3163 atque

89 3171 255 3264 superbia
276 3172 463 3265 postfuere.

352 3396 358 3413 ,
434 3330 563 3399 CAP.
603 3334 645 3399 X
654 3335 698 3400 X.

160 3436 282 3523 Igitur,
302 3442 454 3503 comitiis
474 3434 611 3518 habitis,
636 3439 804 3506 Consules
822 3439 1046 3520 declarantur

93 3537 144 3604 M.
167 3539 304 3607 Tullius
327 3559 363 3609 11
379 3541 416 3608 C.
443 3541 629 3608 Antonius.
659 3545 752 3634 quod
770 3545 904 3612 factum
925 3554 1046 3636 primo

10 3677 15 3685 ,
75 3641 275 3730 populares
298 3652 550 3718 coniurationis
566 3661 796 3718 concusserat.
845 3650 972 3741 Neque
993 3669 1046 3753 11-
