2258 3998
124 124 166 187 ts
392 108 815 184 ooutvn'enio
895 66 899 73 ’

125 283 175 342 itu
199 277 244 340 ub
263 275 492 341 adolescentia
518 277 631 337 vitam
658 276 857 351 instituisse,
890 290 933 336 vt
958 277 1080 337 omnio

52 394 55 399 '
126 384 216 447 bonu
232 385 271 444 in
286 404 345 470 spe
367 381 521 445 haberet:
545 402 589 443 ue
604 383 862 457 existumarent,
888 380 955 442 sibi
968 382 1079 467 putri·

125 492 177 553 oio
205 488 376 566 homini„
389 490 489 551 cuius
512 489 636 574 ipsius,
673 504 777 575 utque
806 487 978 547 maiorum
998 484 1080 572 plit-

126 598 216 657 rimo
238 590 402 677 beneficia
428 595 465 653 in
484 592 617 679 plebem
637 591 835 655 Romanam
855 592 976 667 essent,
1002 610 1081 677 per·

126 700 200 764 dito
222 697 412 786 Republt‘oo
436 718 521 784 opus
544 718 623 774 esse,
651 718 730 760 cum
752 717 829 757 eom
851 709 1005 763 seruaret
1023 694 1077 757 M.

131 805 270 868 Tullius
294 803 492 891 inquilinus
512 804 600 864 ciuis
624 802 719 864 vrbis
746 800 884 865 Romae.
935 796 991 861 Ad
1014 796 1083 861 hoc

127 907 313 973 maledicte
331 903 398 970 alia
419 929 499 971 cum
524 903 689 981 adderet3
719 903 921 992 obstrepere
946 924 1081 981 omnes,

127 1012 265 1078 hostem
288 1027 392 1100 atque
414 1010 624 1098 parrieidam
643 1032 776 1077 vocare.
827 1010 924 1073 Tum
942 1006 1003 1073 ille
1027 1006 1083 1071 fu·

127 1117 317 1182 ribundus:
360 1119 533 1205 Quoniam
560 1116 701 1204 quidem
732 1118 998 1191 circumuentus,
1028 1118 1083 1175 in-

129 1229 218 1312 quit,
243 1224 288 1284 nb
305 1223 457 1284 inimicis
468 1241 631 1310 praeceps
643 1242 739 1306 agor,
757 1219 956 1283 incendium
969 1218 1085 1285 neum

130 1331 235 1393 minu
259 1330 479 1411 restinguam.
1070 1322 1075 1333 '

298 1480 301 1487 '
391 1494 546 1567 'er
586 1501 802 1568 XXVIII.

196 1643 290 1707 Dein
305 1664 341 1706 se
356 1663 396 1704 ex
411 1638 518 1703 Curia
532 1639 678 1702 domum
692 1643 877 1729 proripuit.
907 1635 956 1701 ibi
973 1631 1087 1700 multa

131 1768 251 1823 secum
271 1751 346 1832 ipse
364 1741 520 1821 voluens,
549 1742 642 1831 quod
658 1764 771 1834 neque
790 1741 935 1807 insidiae
949 1738 1088 1806 consuli

132 1849 385 1942 procedebant,
414 1863 449 1911 et
467 1846 510 1910 eb
532 1846 690 1913 incendio
716 1846 941 1937 intellegebat
963 1844 1089 1912 vrbem

132 1951 259 2044 vigiliis
297 1959 489 2031 munitam,
533 1969 721 2042 optumum
756 1954 888 2019 factum
926 1950 1102 2033 credens„

133 2065 327 2126 exercitum
347 2081 484 2148 augere,
513 2082 553 2123 ao
569 2065 682 2147 prius,
711 2083 816 2148 quein
835 2050 988 2146 legiones
1001 2063 1089 2122 seri·

134 2167 320 2242 berentur,
350 2180 573 2253 antecapere,
607 2186 696 2254 quae
720 2164 811 2230 bello
833 2170 917 2228 usui
944 2160 1089 2241 forent,

135 2287 240 2335 nocte
263 2275 473 2359 intempesta
492 2284 572 2335 etun
587 2276 706 2359 paucis
725 2276 762 2333 in
781 2266 957 2334 Manliana
976 2262 1089 2333 cestra

136 2376 312 2465 proiectus
333 2388 394 2438 est.
445 2374 513 2439 Sed
534 2374 690 2462 Cethego
707 2391 814 2463 atque
835 2371 1001 2451 Lentulo,
1032 2394 1089 2439 ce·

136 2485 288 2568 terisque
307 2501 457 2568 quorum
476 2496 688 2567 cognouerat
702 2496 876 2569 promtam
894 2478 1087 2554 audaciam,

136 2584 291 2660 mandat,
333 2582 458 2672 quibus
485 2584 585 2649 rebus
613 2600 772 2673 possent,
811 2572 892 2672 opos
927 2583 1089 2649 fectionis

137 2689 359 2766 confirment,
389 2687 527 2752 insidias
553 2686 687 2753 consuli
715 2704 903 2767 maturent,
932 2688 1088 2767 caedem,

139 2793 319 2869 incendia,
363 2793 497 2882 aliaque
525 2793 608 2857 belli
639 2793 792 2859 facinora
824 2809 969 2884 parent:
1015 2816 1089 2860 sese

139 2898 345 2990 propediem
369 2922 450 2964 cum
478 2922 605 2989 magno
636 2906 789 2963 exercitu
819 2900 861 2964 ad
888 2900 1009 2965 vrbem
1034 2924 1090 2966 ec·

140 3027 329 3069 cessurum.
379 3005 475 3068 Dum
493 3005 576 3069 haec
595 3006 725 3070 Romae
742 3022 911 3094 geruntur
931 3005 969 3070 Ο.
988 3000 1089 3069 Ma'n·

141 3110 206 3174 lius
233 3133 273 3173 ex
299 3131 362 3173 suo
384 3133 532 3174 numero
557 3111 599 3175 ad
619 3112 793 3177 Marcium
818 3132 936 3199 regem
964 3116 1088 3191 mittit,

141 3240 220 3282 cum
248 3214 418 3280 mandatis
444 3216 706 3282 huiuscemodi:

459 3393 577 3460 CAP.
617 3395 787 3461 XXIX.

211 3533 301 3597 Deos
326 3533 548 3622 hominesque
572 3548 751 3613 testamur,
785 3533 993 3622 imperator,
1032 3546 1093 3594 'nm

142 3659 240 3698 numo
267 3656 383 3727 neptae
399 3656 518 3720 eontra-
541 3642 696 3727 putrium
719 3643 852 3727 cepisse,
890 3660 1004 3727 neque
1024 3658 1094 3727 quo
