2258 3998
92 106 364 185 LOCORVM
385 104 819 211 SENTENTIAIIVM
841 130 913 175 rrc.
940 110 1019 198 245·

53 280 166 336 meret,
178 282 278 344 nsque
295 263 373 327 dnm
383 262 469 324 nullu
483 265 626 324 materies
641 263 772 346 ernplius
785 268 923 347 supersit.
935 266 1009 329 sot
1089 320 1092 325 .

56 381 133 421 vero
149 361 269 440 passius
281 361 483 444 intelligenda
501 364 574 420 sunt
584 381 623 420 ex
642 364 821 422 auctoritate
835 361 1005 437 Ciceronis,

56 459 115 538 qui
135 477 196 537 pro
217 459 383 517 Muraena
406 475 434 517 e.
454 456 501 517 25.
528 472 575 527 et,
587 458 685 539 ⁸quasi
709 459 1016 535 citcnmscribendo,'

56 554 101 613 ita
115 555 239 614 recitati
263 557 295 612 si
310 553 400 635 quod
417 555 544 612 assecta
560 574 637 612 suas
650 557 806 633 fhrturuss
822 560 1010 621 incendium

58 654 253 721 cxcitatum,
280 648 319 709 id
340 670 376 709 se
398 670 463 708 non
495 670 605 732 aqua,
637 648 698 708 sed
723 654 820 710 ruina
842 659 1011 717 restinctu-

57 766 139 818 ηιμ.
183 746 331 807 Excuseri
356 762 461 807 tamen
485 760 586 826 potest
608 761 715 807 contre
743 747 884 808 Cortium
909 756 1011 814 Vale·

58 845 126 900 rins
137 846 230 901 Max.
249 845 306 924 qui
319 843 372 903 IX.
387 864 421 911 11,
434 843 464 903 3.
481 842 558 902 dicit
566 841 731 901 Catilinam
744 841 821 905 haec
833 844 1011 928 opposuisti

58 941 173 999 actioni
185 940 345 1000 Ciceronis
358 939 400 999 de
416 939 565 998 incendio
581 958 601 1017 μ
617 938 749 999 Catilina
766 958 882 1020 parato.
926 948 958 1006 N
959 967 1010 1008 arn

58 1050 181 1116 poterat
215 1051 317 1095 tamen
355 1032 414 1096 hec
454 1034 683 1115 inculpatione,
721 1035 817 1098 horno
846 1034 1040 1123 perfrictae,

58 1130 169 1193 frontis
192 1133 247 1202 vti,
262 1146 413 1192 ·vt·nnnc
427 1133 599 1212 perniciem
622 1132 681 1193 sibi
700 1136 1010 1201 comminatumcum
1034 1152 1037 1157 '
1060 1194 1062 1199 .

58 1228 207 1289 incendIo
230 1243 424 1309 compararet
446 1227 644 1309 diceretque:
674 1231 773 1290 sentio
798 1232 837 1291 de
862 1235 1011 1300 incendit)

59 1326 126 1407 agi3
155 1326 211 1385 sed
235 1326 385 1385 nimirum
408 1344 473 1385 nou
494 1325 584 1406 quod
606 1346 664 1404 per
684 1344 737 1383 me
759 1324 827 1385 vrbi
846 1329 1008 1404 inferatur,

59 1442 170 1481 verum
189 1443 206 1480 a
221 1423 309 1482 vobis
326 1422 404 1482 mllii
418 1423 558 1501 meisque
570 1418 702 1480 fortunis
715 1436 857 1500 paratur:
887 1431 1011 1506 quodsi

21 1536 25 1543 ·
59 1519 165 1600 itaque
183 1519 307 1577 eueniat
321 1521 381 1577 enl
410 1532 508 1579 vestre
533 1519 675 1577 omnium
690 1519 783 1575 ruIna
802 1522 1009 1604 restinguam

54 1613 101 1679 tf.
115 1615 224 1675 Florus
234 1615 287 1673 tv.
307 1637 331 1675 1.
941 1624 944 1633 ·

66 1742 98 1761 -..
140 1742 175 1757 -
200 1744 254 1759 ·-·-
281 1733 308 1772 c.
321 1708 470 1771 XXVIII.
488 1730 561 1769 see.
578 1676 786 1792 c.prun'pu1't.
819 1710 932 1777 Cicero
943 1715 963 1776 l.
979 1738 1008 1781 c.

61 1809 197 1889 eritpt'te
212 1824 327 1868 senatu.
371 1809 433 1867 Sed
451 1806 530 1866 illud
546 1805 678 1865 Sallustii
693 1809 759 1868 sine
780 1806 878 1871 dubio
903 1814 942 1873 ad
964 1829 1013 1877 to·
1111 1845 1116 1857 ’

61 1917 128 1961 tum
167 1903 484 1965 hominis-'furorem
522 1903 717 1963 sentiendum
761 1905 1012 1993 intuendumque

61 2001 178 2079 aptius3
205 2017 354 2070 nostrum,
386 2022 421 2059 er
442 2006 555 2060 stiirzte
578 2000 643 2058 sich
666 2000 786 2059 heraus.
816 2001 856 2062 cf.
884 2008 1024 2067 Valerii.

60 2098 155 2155 Max.
184 2096 237 2156 IV.
268 2118 294 2165 1,
318 2118 354 2154 η
377 2097 410 2153 in
430 2096 593 2174 publicum
609 2114 640 2153 se
662 2098 831 2174 proripuit3
861 2115 892 2159 et
910 2105 1016 2163 Plinii

60 2212 131 2273 epp.
147 2192 202 2250 VI.
218 2213 266 2251 20.
286 2212 350 2251 non
373 2204 515 2248 nwratus
533 2209 565 2247 se
580 2190 721 2269 proripit,
749 2190 801 2249 vbi
819 2195 923 2264 etiam,
947 2218 1013 2257 non

61 2301 216 2355 irroratus,
235 2288 276 2347 ed
297 2286 535 2367 explicationem
558 2284 650 2343 huius
674 2285 736 2345 loci
760 2287 839 2346 trahi
861 2306 969 2370 potest.

142 2406 172 2465 p.
192 2382 238 2443 28.
265 2405 292 2444 o.
315 2382 431 2442 XXXI.
462 2402 575 2441 comm.
603 2402 692 2442 meae
716 2382 837 2442 tribuit:
867 2386 898 2445 h.
926 2407 953 2447 e.
978 2389 1013 2450 in

61 2500 114 2541 rue
136 2483 276 2562 meisque
299 2481 357 2541 tibi
382 2478 646 2539 commendandis.

142 2610 179 2624 ·-
216 2609 256 2623 -··
281 2592 392 2637 statum
411 2576 583 2658 diguitatis:
611 2594 652 2633 sc.
672 2576 889 2647 consulatum,
912 2598 1011 2652 meae,

62 2673 197 2734 hominis
219 2674 350 2754 patricii,
376 2673 516 2755 dignitati
540 2669 691 2741 debitum,
720 2691 824 2754 aquo
847 2677 940 2734 etiam
964 2678 1015 2737 de-

62 2770 139 2829 inde
157 2789 188 2827 se
208 2771 388 2829 alienatum
411 2769 502 2838 dicit,
530 2781 566 2827 vt
585 2769 729 2848 relzquae
746 2789 826 2828 srtae
848 2770 1017 2850 dignatum

63 2866 296 2926 conseruandae
312 2885 400 2947 spent
418 2865 567 2925 sumserit.
610 2862 656 2922 Ita
672 2865 848 2924 adsensum
864 2882 934 2947 apte
945 2888 1016 2926 ver-

63 2966 110 3022 sio
132 2961 208 3042 hisp.
235 2995 263 3008 -·
288 2964 335 3021 sin
359 2960 389 3023 el
417 2962 513 3044 grado
541 2961 581 3019 de
611 2960 713 3020 honor
741 2964 1016 3043 correspondiente

63 3080 83 3117 a
108 3059 152 3116 mi
171 3058 330 3139 dignidad.
374 3059 436 3117 Sed
456 3057 580 3117 eortius
596 3054 792 3116 difficultates
815 3061 1016 3140 nescioquas

63 3150 121 3214 sibi
141 3153 247 3236 lingit;
272 3173 377 3236 neque
390 3154 495 3215 Valla
509 3154 578 3212 satis
596 3166 681 3211 recte
694 3152 825 3234 explicet
840 3175 915 3235 per:
939 3174 1017 3239 que·

63 3253 156 3309 ntem
179 3270 244 3308 non
265 3270 307 3309 ex
329 3249 488 3328 dagneaee
509 3270 582 3308 mea
602 3252 714 3309 viuere
731 3269 870 3331 possum.
1046 3324 1051 3331 ι

145 3367 176 3426 p.
195 3368 241 3427 29.
260 3347 310 3407 50.
334 3349 373 3407 ld
384 3348 464 3408 adeo
476 3366 565 3408 more
578 3380 589 3393 ·
602 3380 617 3392 ·
631 3380 645 3392 -
664 3366 760 3427 vsque
771 3345 812 3405 ad
821 3346 934 3406 verba:
959 3364 1012 3429 qu.
1049 3338 1053 3345 ¹

64 3463 113 3527 eg.
127 3439 187 3502 fac.
203 3441 274 3503 hab.
290 3463 312 3503 s.
328 3445 454 3506 damno.
496 3444 612 3503 Viuide
627 3444 740 3502 iterum
755 3457 848 3523 etque
860 3443 1018 3526 eleganter

33 3570 36 3575 ·
63 3558 206 3621 expresse
224 3538 316 3599 simul
334 3540 499 3622 descriptio
509 3527 632 3622 'ingenii
648 3538 855 3605 multitudinis
869 3539 922 3599 tali
939 3554 1017 3599 tem-

8 3642 11 3649 '
63 3655 152 3721 pore.
195 3633 351 3706 Vltimum
368 3657 424 3699 nos
444 3637 596 3711 diciqusu
624 3637 681 3697 der
696 3655 783 3697 erme
799 3636 854 3699 het
867 3635 1021 3699 nichtsm

591 3729 627 3821 ll
