2258 3998
16 70 18 75 ’
74 112 368 183 ..rocosum
393 66 832 181 seuruurmn'vu
853 134 925 178 m.
944 92 1025 181 est

60 270 200 342 adhibet,
229 273 295 332 imo
317 269 379 331 hoc
402 271 504 350 ipsum
526 286 575 328 res
600 267 740 350 trepidae
761 270 794 351 p:
817 265 1012 354 98'et'inpr.

65 368 130 446 146.
419 364 423 370 .
865 364 869 373 ,
925 392 928 397 Ι
959 370 963 377 ,
990 368 1004 377 ..

141 486 172 545 p.
192 461 465 545 9s.0.xxxv11.
489 455 711 522 etxxxvm.
754 461 796 521 m
814 460 892 522 haee
909 466 1016 547 omnip
1089 444 1095 457 '

61 562 103 622 de
123 561 229 621 studiis
246 561 383 640 partium
404 559 573 618 cumtristi
593 570 705 619 ee'rum
722 573 837 639 euentu
856 558 1015 621 luculenta
1119 584 1121 592 ·

61 658 233 718 admodum
246 646 424 715 narratione
432 660 575 735 'expressa
588 646 668 722 sunt,
680 655 828 734 ‘inprimis
839 655 917 715 illud
933 679 963 736 p.
975 676 1014 739 99
1103 673 1105 677 ·

61 775 139 835 resp.
163 773 245 834 quae
260 754 364 811 medie
383 753 483 830 (inter
500 753 575 811 dues
587 752 706 830 partes)
725 747 836 818 fuerat,
858 750 1016 812 dz'lucera·

59 864 106 918 ta,
120 853 165 909 vti
177 871 195 908 a
208 850 321 910 rabidis
334 846 461 909 canibus
480 849 630 931 pinguem
643 847 793 927 praedam
809 850 940 930 quisque
956 851 1016 912 sibi

58 945 261 1007 trahentibus.
494 998 499 1005 .
858 992 861 997 ,

138 1065 169 1121 p.
186 1063 233 1122 99.
258 1040 298 1101 cf.
318 1039 398 1101 vell.
414 1040 454 1100 II.
473 1040 500 1100 6.
520 1063 550 1121 7.
569 1041 657 1100 cuius
672 1070 717 1084 ·-
733 1042 860 1122 optimis
877 1044 1015 1121 ingenitis
1118 1122 1121 1127 y

59 1138 264 1218 »respondet
280 1136 349 1196 Sall.
362 1139 542 1219 quiveram
554 1137 692 1215 glanem
703 1152 761 1196 etc.
780 1152 821 1206 et,
841 1152 1015 1221 utrumque
1116 1202 1118 1207 ,

59 1235 146 1292 male
160 1254 255 1292 esum
267 1254 333 1291 esse
346 1267 375 1280 ·-
396 1232 499 1302 huius,
526 1233 674 1313 cupidine
691 1232 840 1294 victoriae
860 1254 925 1295 non
945 1230 1015 1298 setis

57 1330 237 1390 moderatus
258 1333 378 1388 enimus
397 1329 464 1389 fuit.
997 1350 1003 1357 ·

138 1447 170 1504 p.
192 1445 258 1484 100.
286 1424 352 1483 Sed
371 1425 450 1482 botro
471 1425 569 1502 (viro,
594 1425 648 1504 qui
669 1425 747 1504 reip.
770 1424 853 1483 bene
869 1424 1010 1497 consulit,

57 1523 159 1580 satius
185 1519 332 1599 (melius)
356 1534 401 1579 est
428 1521 519 1578 vinei
539 1520 701 1599 (impietati
724 1519 856 1581 aliorum
875 1521 910 1578 in
939 1535 1015 1580 tem·

56 1639 135 1698 pore
155 1618 288 1694 cedere)
308 1635 409 1698 quam
435 1615 522 1673 malo
549 1634 636 1674 more
655 1617 752 1676 iniur.
777 1618 906 1675 vincere
929 1618 1014 1700 (pes-

57 1716 140 1773 simis
153 1714 298 1772 remediis
314 1712 484 1794 persequi.)
573 1730 577 1745 ’
997 1717 1002 1731 ’

138 1831 169 1889 p.
189 1830 252 1868 101.
283 1824 349 1867 tum
363 1810 496 1871 maxime
513 1807 602 1890 quod
620 1841 660 1854 -
679 1807 761 1868 Rura
780 1807 930 1867 nimirum
950 1810 1013 1869 vir·

57 1920 132 1972 tute,
159 1908 339 1985 praesertim
360 1905 422 1962 istis
445 1904 649 1985 temporibus,
676 1904 716 1965 de
739 1924 803 1987 qua
826 1919 937 1967 notum
962 1908 1014 1967 01·-

56 2003 196 2058 ceronis:
210 2001 297 2060 nihil
312 2016 380 2060 tam
390 2016 548 2069 sanctum,
571 2016 640 2058 tam
651 2002 822 2070 muntium,
842 2001 933 2082 quod
945 2023 1012 2062 non

57 2098 241 2176 expugnari
254 2097 395 2177 peeum'a
408 2110 523 2174 potest:
542 2096 582 2154 cf.
601 2095 681 2154 illud
698 2093 893 2154 diuitiarum
910 2101 1013 2157 victor

55 2213 88 2274 P.
108 2212 171 2270 119,

137 2317 164 2330 -
201 2316 227 2331 -
266 2304 294 2343 c.
306 2283 372 2343 XL.
417 2285 504 2345 Haec
524 2304 652 2366 quoque
671 2284 852 2365 disciplinae
872 2288 1013 2350 militaris

57 2383 218 2461 corruptio
229 2401 286 2459 per
302 2368 401 2441 totum
415 2396 509 2462 caput
525 2381 616 2441 valde
631 2383 840 2464 significanter
858 2383 1012 2466 descripta

57 2493 110 2536 est.
137 2477 276 2537 Similem
289 2476 546 2558 deprauationem
562 2493 595 2537 et
607 2483 834 2538 correctionem
849 2480 1011 2560 Appianus

56 2571 111 2634 lib.
138 2577 187 2634 cit.
203 2590 388 2638 memoret,-
541 2564 550 2581 ’

136 2703 165 2716 ·-
204 2703 232 2716 -
272 2693 299 2730 c.
314 2669 395 2728 XLI.
419 2669 558 2730 Similem
581 2673 807 2732 restitutionem
826 2672 892 2731 siue
910 2692 1014 2733 corre-

57 2767 194 2826 ctionem
213 2765 352 2825 militaris
363 2767 544 2846 disciplinae
558 2767 821 2848 deprehendimus
839 2770 923 2849 apud
937 2771 976 2829 V
972 2769 1013 2828 el·

56 2861 156 2920 leium
167 2860 207 2919 H.
232 2861 295 2923 125.
340 2863 403 2922 Sed
415 2882 512 2945 quam
524 2862 576 2922 iile
587 2879 720 2936 enarrat,
740 2865 793 2924 hic
808 2865 1011 2946 nosterquasi

55 2958 164 3039 pingit.

135 3084 165 3099 ·-
203 3085 232 3099 ··
271 3057 313 3113 ite
333 3053 531 3135 prohibendo
543 3076 562 3115 e
575 3054 694 3116 delictis
714 3059 811 3140 magis
832 3078 884 3139 qu.
907 3055 1011 3115 vindi·
1094 3066 1098 3082 ¹

55 3148 157 3208 cando
176 3179 199 3194 ··
218 3149 425 3233 confirmauit.
462 3152 527 3210 En!
550 3172 696 3233 magnam
715 3153 800 3211 illam
816 3154 1008 3232 sapientiam,

54 3264 151 3327 quam
171 3245 259 3305 toties
278 3248 355 3306 iuris
382 3245 549 3306 criminalis
575 3248 719 3309 doctores
738 3248 915 3309 nostrorum
936 3261 1011 3305 tem·

52 3361 187 3422 porum,
218 3356 248 3401 et
267 3344 325 3422 ipsi
344 3347 378 3402 in
398 3365 437 3403 eo
458 3345 624 3423 sepientes,
655 3345 761 3405 deesse
778 3345 926 3405 viderunt
944 3361 1011 3402 nos·

54 3439 107 3496 tris
135 3436 255 3520 legibus
283 3461 342 3518 pro
371 3441 570 3500 vniuemitate
597 3440 764 3502 hominum
791 3441 919 3520 seriptis,
954 3437 1011 3497 sed

53 3532 167 3592 frustra
188 3534 336 3594 hacteuus
349 3538 588 3616 quaesiuerunt3
610 3557 687 3598 cum
703 3540 838 3599 omnino
856 3532 1026 3593 diiixdxixus

28 3711 30 3716 .
49 3628 90 3688 sit
105 3631 140 3687 in
150 3648 264 3710 magne
277 3631 403 3696 ciuitate
415 3633 541 3699 delictis
558 3655 693 3712 cauere,
716 3653 824 3721 quem
833 3635 881 3691 'm
890 3624 1053 3688 emerim·

601 3752 636 3827 R
662 3841 665 3846 .
