2258 3998
285 102 779 177 IVGVRTHINVM.
908 109 1011 179 '65
1095 184 1099 195 ,

412 262 545 331 CAP.
585 263 652 329 ΙΙ.

125 373 200 461 Qui
225 368 285 438 rbi
313 375 471 460 primum
497 367 669 448 adoleuit,
708 368 845 461 pollens
868 371 1011 453 viribus,

55 480 186 547 decora
203 477 304 556 facie,
323 475 384 542 sed
401 473 517 543 multo
535 498 696 543 maxume
713 482 853 565 iugenio
867 476 1011 559 validus,
1046 486 1050 497 '

55 609 133 653 non
150 607 188 650 se
210 580 307 661 luxu,
335 605 450 672 neque
470 587 620 651 inertiae
645 581 942 672 corrumpendum
959 583 1014 651 da·

56 691 137 771 dit,
169 689 242 770 sed,
266 695 316 755 vti
334 712 411 755 mos
432 685 658 777 gentisillius
674 703 737 765 est,
766 695 948 778 equitare,¹
965 697 1014 755 ia-

56 794 172 863 calari
180 844 191 877 ,
222 816 326 861 cursu
350 817 432 859 cum
458 792 660 883 aequalibus
685 809 842 874 certare,
872 811 1016 861 etcum

56 908 176 969 omnis
194 898 304 990 gloria
318 905 479 979 anteiret,
502 898 662 967 omnibus
674 915 792 965 tamen
805 923 907 967 carus
920 924 1013 980 esse;

56 1007 105 1074 ad
125 1007 194 1073 hoc
212 1003 378 1096 pleraque
396 1020 555 1094 tempora
569 1011 607 1071 in
628 1005 785 1071 venando
799 1030 913 1097 agere,
941 1006 1016 1072 leo.-

58 1136 146 1179 nem
157 1128 264 1202 atque
278 1109 361 1175 alias
382 1108 471 1175 feras
489 1116 636 1202 prImus,
665 1116 780 1178 autin
801 1119 928 1203 primis·
940 1113 1017 1179 leri·

57 1241 117 1285 re:
147 1217 342 1308 plurimum
357 1215 482 1294 facere,
498 1223 697 1285 minumum
710 1217 841 1307 ipse-de
856 1242 892 1285 se
905 1218 1011 1309 loqui.

58 1323 202 1412 Quibus
214 1321 317 1389 rebus
330 1323 482 1410 Micipsa
495 1329 634 1391 tametsi
649 1328 752 1388 initio
766 1322 877 1390 laetus
888 1325 1015 1408 iuerat,

60 1436 276 1496 existumans
290 1434 458 1495 virtutem
475 1428 662 1515 Iugurthae
680 1452 790 1518 regno
811 1454 874 1496 suo
888 1429 1020 1519 gloriae

59 1536 154 1603 fore:
182 1550 313 1611 tamen,
341 1549 525 1622 postquam
543 1532 725 1599 hominem
748 1533 1016 1615 adolescentem,

58 1657 185 1709 exacta
203 1663 266 1706 sua
280 1654 404 1718 aetate,
428 1643 545 1728 paruis
564 1636 694 1719 liberis,
718 1647 826 1729 magis
841 1648 1019 1732 magisque

61 1769 221 1815 crescere
246 1742 437 1834 intellegit,
469 1745 697 1811 vehementer
719 1754 861 1834 negotio
879 1760 1037 1837 parma-¹

62 1870 143 1932 tus,
169 1850 282 1917 multa
298 1874 380 1917 cum
400 1855 516 1915 animo
539 1872 602 1916 suo
627 1850 799 1918 voluebat.
851 1854 1022 1921 Terrebat

63 1975 192 2024 natura
214 1955 429 2034 mortalium,
454 1955 556 2021 auIda
578 1964 718 2047 imperii
737 1975 772 2023 et
788 1981 954 2048 praeceps
975 1958 1021 2026 ad

64 2062 275 2154 explendam
297 2068 407 2127 animi
435 2061 654 2151 cupidinem3
687 2080 866 2152 praeterea
894 2088 1021 2154 oppor-

62 2176 199 2236 tunitas
218 2192 370 2257 suaeque
386 2183 422 2232 et
442 2165 634 2233 liberorum
649 2175 782 2246 aetatis,
811 2192 899 2258 quae
913 2177 1021 2235 etiam

63 2274 254 2342 mediocris
273 2281 363 2341 viros
380 2296 442 2363 spe
463 2272 610 2361 praedae
632 2291 843 2339 transuersos
861 2281 950 2363 agit3
977 2276 1021 2342 ad

65 2382 137 2448 hoc
163 2381 277 2445 studia
304 2379 540 2445 Numidarum
567 2385 604 2445 In
628 2379 831 2468 Iugurtham
859 2402 1016 2446 accensa:

65 2511 111 2554 ex
136 2486 274 2576 quibus,
303 2492 331 2551 si
357 2484 462 2550 talem
480 2491 595 2550 virum
619 2484 858 2564 interfecisset,
889 2509 934 2551 ne
953 2509 1021 2576 qua

65 2592 209 2672 seditio,
235 2607 297 2658 aut
317 2589 449 2657 bellum
473 2596 636 2670 oriretur,
665 2597 784 2656 anxius
809 2606 892 2657 erat.

406 2767 536 2837 aAr.
565 2730 682 2865 ¹J'rr.
717 2734 745 2835 ᾗ
789 2730 792 2737 ’

136 2912 202 2977 His
237 2906 500 2976 difficultatibus
532 2915 793 2975 clrcumuentus
827 2909 886 3001 vibi
912 2911 1019 2992 videt,

67 3038 185 3106 neque
198 3038 263 3105 per
283 3022 365 3095 vim,
391 3038 505 3105 neque
526 3014 659 3081 insidiis
675 3018 944 3106 opprimi'posse
959 3019 1022 3082 ho-

67 3128 205 3190 minem
233 3138 304 3187 tam
335 3137 518 3209 acceptum
550 3119 794 3210 popularibus,
827 3122 921 3210 quod
944 3139 1024 3189 erat

69 3227 239 3319 Iugurtha
253 3251 361 3293 manu
378 3243 538 3316 promtus
549 3243 597 3291 et·
610 3226 776 3316 adpetens
799 3226 930 3316 gloriae
956 3234 1022 3292 mi·

66 3325 201 3413 litam,
236 3339 365 3400 statuit
393 3355 475 3398 eum
499 3331 676 3399 obiectare
707 3332 871 3422 perieulis
907 3349 943 3397 et
979 3356 1022 3399 eo

69 3424 179 3511 moda
201 3438 380 3505 fortunam
405 3453 549 3505 tentare.
600 3440 722 3527 Igitur,
750 3437 843 3502 bello
864 3439 1022 3504 Numan-

70 3552 162 3626 tino,
189 3544 438 3633 Micipsarum
460 3541 593 3634 populo
612 3545 771 3610 Romano
788 3550 948 3632 equitum
967 3562 1023 3611 at-

71 3670 142 3743 que
155 3646 316 3743 peditum
333 3649 458 3719 auxilia
468 3656 645 3741 -niit'tere't,
664 3654 816 3741 spamus,
829 3649 893 3721 aa
908 3668 1028 3718 astau-
