2258 3998
55 68 57 73 ’
134 108 198 194 17⁴
416 102 798 213 nncans1o

128 262 339 353 vndeqttaque
370 263 489 323 cinctus
525 263 650 346 sculptis
681 264 798 351 liguris,
866 267 962 333 Hunc
1006 284 1082 335 mox

128 362 244 442 excipit
261 344 427 438 Proldgns,
449 361 536 419 cuius
557 356 761 444 praecipuum
782 384 1001 448 argumentum
1018 368 1082 430 hoc

128 472 181 519 est.
237 454 353 536 Incipit
376 476 452 541 curn
477 455 571 517 lande
597 458 747 530 Sallustii,
787 451 893 544 qu'oad
922 458 1101 527 scribendi‘

128 573 242 640 genus,
267 554 354 618 cuins
374 554 518 623 virtutes,
546 575 620 614 cum
644 558 683 616 sit
703 559 805 640 grauis
829 572 868 622 et.
882 546 1083 625 sublimis'i'a

127 651 293 719 sententiis,
308 649 420 710 breuis
433 665 527 731 atque
551 671 734 723 numerosus
758 655 792 713 in
809 655 921 726 verbis,
940 653 1081 721 difficul-

127 765 175 810 ter
197 745 412 807 conuertendo
436 748 557 828 assequi
579 749 684 829 possis,
715 750 740 807 si
761 752 918 816 tamenin
938 749 1018 824 vlla,
1045 753 1083 814 ita

127 841 409 926 hispanicalingua,
425 862 508 924 quae
528 859 559 904 et
573 847 639 926 ipsa
654 846 693 904 sit
707 845 805 917 diues,
827 846 936 919 dulcis,
951 847 1085 911 auribus

92 954 99 971 “
125 955 284 1012 concentu
318 939 457 1022 quodam
493 941 596 1000 suauis
625 939 877 1022 (harmonion),
912 944 1080 1019 breuitate.

72 1116 77 1123 x
126 1039 320 1105 concisione,
344 1056 542 1121 numeroque
563 1037 605 1097 ad
623 1037 750 1097 latinam
773 1041 916 1121 proxime
939 1040 1077 1103 semdae

125 1135 220 1196 Vnde
245 1134 402 1214 principes
428 1134 593 1213 scriptores
620 1133 788 1215 hispanici,
818 1135 957 1199 historici
982 1138 1086 1218 inpri-¹

33 1263 35 1267 ·
125 1235 200 1303 mis,
224 1229 503 1313 'quemadmodum
533 1229 635 1313 Diego
661 1230 701 1291 de
728 1231 896 1304 Mendoza,
931 1231 1012 1301 1111111
1037 1233 1082 1295 do

126 1329 287 1397 Mariana,
311 1325 403 1409 11011
426 1323 533 1387 Carlos
563 1325 710 1397 Coloma,
742 1318 797 1387 D)
814 1327 953 1391 Antonio
987 1327 1079 1401 Solis,

124 1427 304 1515 Sallustium
327 1422 385 1481 sibi
405 1422 625 1503 proposuerint
644 1422 840 1487 imitandum.
862 1423 890 1506 ⁸)
929 1422 1080 1509 Sequimi-

125 1518 294 1587 declaratio
311 1534 434 1581 textum
458 1517 608 1589 latinum,
635 1520 781 1581 Versioni
803 1518 988 1592 subiectum,
1014 1541 1080 1583 esse

108 1618 356 1685 ,Eizeuirianum
391 1615 534 1675 editionis
562 1615 602 1676 de
635 1613 727 1693 1634,
763 1617 821 1676 nisi
851 1617 885 1679 in
909 1617 1080 1680 manifestis

124 1719 222 1786 vitiis,
256 1730 394 1792 eumque
423 1725 637 1791 comparatum
666 1730 740 1771 cnm
777 1711 1007 1777 duobusMsa
1030 1712 1080 1775 bi-

124 1813 299 1877 bliothecae
330 1809 433 1889 regiae
464 1806 649 1874 Escurialis,
690 1810 782 1869 tertio
815 1828 854 1869 ex
886 1808 1078 1871 bibliotheca

125 1908 293 1988 Principis,
333 1903 486 1983 variisque
523 1901 710 1962 editionibus
746 1906 898 1986 antiquis,
935 1906 1079 1989 inprimis

31 2060 36 2067 .
124 2027 186 2066 vna
216 2004 257 2063 de
291 1996 375 2080 1475.
402 1998 469 2058 sine
492 1998 620 2059 nornine
646 1997 708 2058 loci
741 2014 774 2059 et
804 1999 1009 2082 Impressoris.
1029 1999 1079 2081 *ἢ

123 2105 175 2165 De
195 2098 346 2160 Versione
375 2094 450 2175 ipsa,
481 2108 552 2175 post
577 2087 847 2157 enumerationem
871 2098 967 2156 trium
990 2115 1081 2176 supe.

123 2201 215 2262 rioris
237 2193 395 2280 temporis,
418 2211 501 2272 quae
520 2193 611 2250 nimis
633 2189 769 2252 incultae
795 2194 864 2259 sint,
893 2194 950 2253 etsi
968 2190 1076 2250 media

125 2294 286 2358 cuiusdam
307 2291 346 2352 V
342 2286 416 2347 idat
430 2309 458 2370 y
478 2288 573 2367 Noya
606 2287 819 2375 (antecedenti
844 2289 1003 2348 Vasconis
1031 2285 1077 2345 de

125 2393 279 2454 Grtzntaa
319 2384 471 2465 imprimis
507 2384 541 2441 in
581 2383 733 2466 Iugurtha
760 2402 862 2463 presse
894 2383 1077 2462 inhaerens)

123 2492 206 2550 intra
224 2484 350 2567 triginta
370 2481 436 2540 fere
450 2499 546 2539 annos
565 2494 613 2539 ter
631 2482 777 2560 impressa
794 2482 848 2547 sit,
871 2480 995 2546 dicitnr,
1017 2477 1078 2538 lin·

125 2605 205 2672 guae
233 2581 410 2661 hispanicae
430 2579 583 2636 rationem
610 2578 643 2636 in
669 2597 707 2637 ea
742 2598 816 2637 cum
843 2597 918 2640 cura
937 2575 1077 2638 habitant

76 2824 79 2829 ’
160 2835 187 2900 θ)
208 2830 316 2884 Nostris
335 2825 500 2887 bominibus,
523 2827 567 2904 qui
586 2827 695 2897 genium
717 2823 823 2899 linguae
840 2823 993 2896 hispanicas
1015 2841 1075 2895 per-

190 2935 305 2973 noscere
326 2931 405 2986 atqne
430 2913 606 2985 Scriptorum,
632 2916 677 2986 qui
700 2911 801 2967 classici
824 2913 853 2964 in
877 2929 908 2964 ea
930 2909 1076 2972 habentur,

195 3007 319 3061 notitiam
343 3002 392 3056 sibi
416 3012 571 3072 comparare
593 3000 692 3063 velint,
730 3018 827 3073 magno
852 3001 912 3053 vsui
936 2999 986 3050 erit
1014 2994 1074 3049 Cel.

195 3093 342 3151 Mummii,
368 3089 511 3143 Rhetorica
537 3087 644 3143 dnobus
670 3089 748 3143 tomis
773 3085 845 3145 editt
871 3085 946 3158 ¹757·
999 3082 1077 3139 Idem

195 3198 273 3236 antea
291 3158 353 3232 iam¹
363 3175 483 3231 ediderat
501 3178 627 3248 Origenes
645 3174 678 3229 de
699 3174 724 3228 la
738 3173 835 3248 langela
848 3170 982 3248 Es'pat'tola
998 3173 1074 3244 1737:

159 3358 202 3422 **)
227 3354 266 3407 Ea
286 3349 397 3426 quidem
413 3351 549 3422 ignoratur
577 3368 594 3403 a
619 3348 757 3411 Fabricio,
786 3365 875 3421 neque
897 3348 925 3399 in
946 3343 1075 3418 amplissi-

195 3446 246 3496 mis
262 3442 392 3494 librornm
413 3437 560 3498 indicibus,
581 3451 611 3488 vt
633 3434 709 3491 ducis
727 3435 760 3489 de
780 3434 905 3497 Valliere,
929 3430 1079 3506 deprehen-

196 3527 276 3581 ditur.
320 3527 394 3580 Nam
419 3525 489 3582 duaa
513 3523 580 3580 alita
604 3524 725 3578 eiusdem
746 3524 810 3576 anni
832 3541 934 3576 nomen
956 3519 1008 3573 loci
1026 3515 1074 3593 1111-

196 3615 284 3669 ditum
299 3615 413 3687 habent.
