2258 3998
341 110 833 207 aarauannnra.
1020 66 1090 186 ,ι’

109 289 192 332 men
218 265 390 335 Catilinae
416 267 515 335 furor
541 260 774 336 ininuebatur.
833 271 893 339 sed
922 280 960 339 in
987 272 1064 342 dies

106 371 211 463 plura
223 379 355 464 agitare
362 398 372 452 3
396 395 493 439 arma
508 396 573 464 per
585 372 722 441 Italiam
744 375 828 442 locis
854 384 1061 468 opportunis

105 501 249 568 parare,
278 483 464 567 pecuniam
480 502 558 558 sua,
580 471 659 545 aut¹
665 486 860 547 amicorum
877 481 946 548 fide
965 505 1061 551 sum·
1101 486 1106 497 '

105 599 181 649 tam
205 599 388 662 muniam,
411 583 579 653 Faesulas
603 583 656 648 ad.
669 584 845 652 Manlium
873 588 1059 677 quemdam

105 703 260 779 portare,
290 694 352 777 qui
371 703 494 778 postea
512 696 675 779 princeps
696 689 766 755 fuit
786 689 870 756 belli
882 692 1055 762 faciundi.

105 792 156 859 Ea
188 800 396 882 tempestate
426 791 598 884 plurimos
628 801 797 886 cuiusque
828 804 964 887 generis
995 798 1058 866 ho·

104 905 218 965 mines
232 898 417 966 adsciuisse
433 898 586 978 dicitur3
611 898 775 967 mulieres
790 909 896 968 etiam
909 902 1055 995 aliquot,

68 1011 70 1016 ’
104 1028 194 1096 quae
217 1010 334 1095 primo
352 1010 503 1094 ingentis
524 1020 660 1071 sumtus
681 1022 805 1099 stupro
824 1015 978 1098 corporis
1003 1025 1058 1075 to·

79 1109 304 1195 ¹lerauerant
316 1134 326 1188 3
363 1125 442 1198 post
469 1109 526 1174 vbi
553 1125 645 1175 aetas
669 1111 913 1178 tantummodo
935 1136 1058 1205 quaes-

102 1222 171 1294 tui,
196 1237 309 1304 neque
328 1212 483 1279 luxuriae
503 1215 649 1281 modum
666 1215 807 1296 fecerat,
832 1241 888 1287 aas
902 1216 1057 1285 alienum

101 1320 234 1410 grande
260 1318 506 1386 conflauerant.
543 1343 608 1410 per
627 1342 682 1388 eas
701 1345 738 1387 se
760 1319 913 1387 Catilina
936 1323 1055 1390 crede*

103 1426 163 1492 bat
188 1448 288 1515 posse
304 1429 448 1490 seruitia
475 1423 603 1490 vrbana
628 1422 829 1503 sollicitare,
858 1427 1010 1494 vrbem
999 1452 1055 1495 ιιι-

101 1530 275 1608 cendere,
307 1535 399 1596 viros
426 1550 549 1599 earum
574 1526 632 1598 vel
659 1529 847 1665 adiungere
871 1531 961 1613 sibi,
998 1533 1054 1605 vel

100 1633 309 1705 interficere.

424 1815 557 1887 CAP.
597 1814 750 1889 XXI.

165 1953 263 2022 Sed
252 1977 290 2020 m
308 1953 362 2022 his
374 1971 448 2022 erat
462 1955 682 2048 Sempronia,
707 1979 795 2047 quae
813 1955 926 2021 multa
948 1975 1050 2047 saepe

97 2058 208 2127 virilis
223 2036 387 2126 audaciae
403 2059 557 2127 facinora
574 2067 805 2128 commiserat
855 2063 952 2127 Haec
971 2085 1049 2125 rnu-

73 2164 165 2231 ⁴lier
186 2186 313 2255 genere
335 2180 441 2254 atque
458 2165 589 2244 forma,
618 2170 712 2245 viro,
740 2165 858 2231 liberis
880 2171 961 2232 satis
983 2164 1049 2230 for

94 2286 239 2335 tunata:
288 2266 416 2336 litteris
452 2270 595 2338 Graecis
625 2285 730 2362 atque
756 2270 889 2335 Latinis
925 2269 1043 2335 docta:

94 2373 262 2465 psallere,
290 2371 415 2440 saltare
440 2373 651 2466 elegantius,
692 2397 798 2465 quam
826 2395 965 2440 necesse
995 2391 1048 2440 est

93 2474 242 2571 probae:
274 2477 387 2545 multa
411 2478 490 2558 alia,
520 2503 608 2571 quae
626 2485 858 2545 instrumenta
876 2477 1041 2544 luxuriae.

93 2584 212 2651 Sed
182 2608 216 2649 er
233 2590 366 2650 cariora
382 2604 523 2674 semper
538 2591 667 2665 omnia,
694 2607 800 2675 quam
817 2583 922 2650 decus
940 2599 1046 2674 atque

92 2688 264 2801 pudicitia
280 2688 372 2767 fuit3
397 2695 566 2779 pecuniae
590 2713 635 2756 an
658 2689 768 2756 famae
793 2695 909 2755 minus
930 2711 1045 2779 parce-

89 2811 159 2874 ret,
190 2792 282 2859 haud
304 2793 406 2862 facile
428 2794 656 2875 decerneres;
685 2793 848 2860 lubido
820 2817 871 2861 stc
887 2788 1040 2872 accensa,

62 2934 68 2945 =
89 2915 129 2967 vt
145 2905 281 2989 saepius
302 2915 440 2991 peteret
457 2908 565 2982 viros,
590 2923 695 2990 quam
712 2915 901 2988 peteretur.
973 2898 1041 2964 Sed

89 3029 132 3071 ea
151 3026 254 3094 saepe
270 3004 417 3069 antehac
436 3003 543 3071 fidem
558 3003 772 3095 prodiderat,
793 3002 968 3069 creditum
982 3003 1041 3068 ab·

88 3117 284 3186 iurauerat,
313 3094 427 3176 caedis
452 3117 589 3176 conscia
616 3110 749 3188 haeret,
778 3107 914 3174 luxuria
934 3123 1040 3195 atque

89 3219 208 3303 inopia
233 3235 400 3306 praeceps
422 3215 559 3282 abierat
609 3217 773 3283 Verum
763 3218 947 3303 argenium
964 3216 1038 3276 eius

87 3316 182 3382 haud
209 3317 407 3391 absurdum.
456 3342 558 3411 posse
586 3342 704 3388 versus
736 3319 875 3398 facere,
919 3321 1039 3381 iocum

84 3442 253 3502 mouere,
283 3444 448 3491 sermone
475 3431 525 3491 vti
548 3424 607 3491 vel
626 3424 811 3502 modesto,
846 3419 900 3490 vel
922 3419 1034 3499 molli,
1097 3417 1099 3421 ’

83 3524 142 3595 vel
163 3533 313 3617 procaci.
345 3549 485 3621 prorsus
510 3514 642 3599 multae
663 3530 810 3648 facetiae
833 3525 1036 3618 multusque

78 3629 181 3727 lepos
208 3638 331 3698 inerat
