2258 3998
115 112 181 181 132
263 134 332 173 ·.
399 107 784 181 nectutem

115 288 254 393 Cirvs
266 326 493 385 Saunvsrtvs
505 298 712 411 Carsivs*)
729 322 792 386 vita
802 294 1076 425 quemadmodum,

113 425 234 504 scriptis
247 420 363 480 famam
380 420 564 483 consecutus
576 437 628 483 est.
656 420 782 499 Horttm
792 420 990 509 permanebit
1008 444 1074 486 me-

115 522 225 589 moria,
244 518 397 601 quamdiu
407 518 503 579 literis
513 521 650 599 pretium
657 538 748 594 suum
760 534 886 581 constet.
902 518 961 581 illa
970 506 1075 583 omnis

114 633 160 677 est
181 615 437 696 praetereunda
428 636 492 675 uno
514 618 616 697 potius
632 609 915 705 planesepelienda
937 598 1074 681 obliuio·

114 734 165 773 ne.
180 713 233 792 *ἢ
259 712 371 771 Dicam
387 727 493 771 tamen
513 712 620 792 paucis
642 731 716 772 eum
738 727 848 789 natum
871 706 1009 795 fuisse
984 734 1076 803 anno

116 810 156 869 V.
172 809 208 868 C.
223 806 281 868 668
293 823 348 866 aut
346 806 415 889 '669
426 808 603 881 Amiterni,
619 808 738 891 oppido
748 786 960 870 Sabinorum
945 831 980 869 tn
995 832 1073 887 con·

115 904 195 965 finiis
208 904 334 964 Abrussi
354 903 441 964 haud
461 902 573 984 procul
595 900 634 965 ab
656 896 881 987 vrbe'Aquila,
906 900 1014 989 quaes
1026 902 1074 969 se·

115 1003 254 1062 cundum
269 996 450 1071 Cellariuni‚v
475 1021 514 1059 ex
535 999 616 1060 illius
638 1002 736 1062 ruinis
759 1003 868 1062 creuit.
910 1001 962 1064 lbi
983 1018 1074 1067 ortus

115 1120 154 1159 ex
176 1096 294 1157 familia
322 1096 433 1156 illustri
461 1094 525 1176 W)
546 1117 619 1156 eum
644 1117 663 1157 a
687 1117 788 1179 puero
810 1096 919 1158 litteris
941 1120 1073 1181 operam

115 1195 264 1262 dedisset,
297 1192 416 1253 delatus
434 1192 553 1253 'deinde
575 1188 709 1253 Romam
732 1194 825 1254 etad
848 1193 909 1255 fori
932 1186 1071 1279 negotiari

115 1290 286 1351 ambitione
308 1309 339 1348 se
363 1287 462 1371 abripi
483 1288 678 1369 patiebatur3
711 1292 799 1349 cuius
826 1292 894 1350 vitii
920 1282 1072 1355 haetenui

115 1409 189 1447 eum
212 1407 276 1446 non
295 1386 423 1466 puduit,
456 1400 490 1445 vt
511 1386 576 1466 ipse
601 1384 768 1459 fateretur:
802 1388 869 1447 siue
894 1388 1072 1469 quoderat

114 1502 282 1545 commune
305 1480 430 1541 illorum
454 1497 642 1563 temporum,
667 1482 734 1553 siue
758 1485 923 1564 quoniam,
949 1501 983 1544 vt
1004 1487 1072 1567 ipse

115 1582 269 1647 obseruat‚
295 1580 422 1659 propius
434 1578 475 1639 ad
497 1579 645 1639 virtutem
667 1594 720 1639 est.
744 1576 829 1659 W)
868 1579 969 1663 Igitur
984 1578 1072 1665 anno

150 1729 176 1796 *)
199 1727 240 1779 Ita
261 1740 319 1778 not.
341 1743 364 1779 r.
390 1723 425 1778 ad
445 1742 472 1799 p.
491 1743 515 1778 r.
541 1724 672 1780 Catilinae
695 1745 847 1798 cognomen
867 1729 973 1781 nomini
994 1738 1068 1803 post·

184 1810 343 1887 ponendum
361 1830 419 1865 esse
438 1801 563 1866 censetur
581 1833 613 1867 ex
627 1823 678 1867 vsu
691 1829 816 1871 veterum
834 1830 928 1869 contra
943 1815 1069 1873 Cestium

117 1958 120 1963 ¹
184 1898 531 1973 rationibusque-firmetur.
572 1900 644 1953 Cum
660 1916 752 1954 tamen
768 1901 817 1955 sibi
837 1904 866 1953 in
884 1920 917 1955 eo
931 1922 988 1955 non
1005 1907 1070 1960 satis

184 1989 362 2050 constiterint,
384 2005 471 2061 neque
491 2007 533 2041 res
557 1991 624 2041 tanti
646 1990 690 2050 sit,
717 2007 893 2042 communem
912 2005 1069 2047 nostrorum

184 2074 329 2128 Editorum
350 2074 467 2129 Sallustii
493 2078 522 2128 in
544 2075 622 2131 titulo
644 2092 719 2129 meae
741 2073 867 2130 editionis
888 2095 994 2153 morem
1015 2096 1069 2132 ser-

184 2166 255 2215 veui.

115 2247 119 2253 ’
149 2251 191 2317 **)
211 2251 365 2315 Verissime‚
388 2266 418 2305 vt
438 2266 515 2325 puto,
540 2255 589 2307 etsi
614 2268 709 2306 nactus
730 2253 765 2307 sit
790 2269 889 2327 paucos
913 2249 1068 2309 defensores

183 2354 211 2390 et
232 2342 445 2393 recentissimum
478 2342 549 2393 inter
576 2357 626 2395 nos
660 2336 718 2394 Cel.
744 2338 872 2393 Wteland
900 2338 935 2393 ad
960 2334 1068 2395 Horatii

181 2425 286 2496 Satyris
308 2425 336 2477 P.
364 2445 386 2480 1.
411 2444 438 2500 p.
462 2427 497 2496 69
520 2445 589 2480 vers.
612 2446 694 2500 germ.
747 2426 814 2480 Eius
838 2442 911 2480 cene
931 2427 1068 2482 violentie¹

182 2515 335 2566 exactiones
351 2515 379 2566 in
393 2511 526 2567 Numidia
546 2518 591 2568 vix
604 2516 694 2589 negari
714 2517 823 2587 possint.
862 2511 916 2567 Sed
926 2528 1068 2594 rtcunquo

182 2601 226 2661 sit,
247 2616 279 2650 ea
294 2599 425 2673 profecto,
451 2600 524 2672 quod
542 2617 570 2655 et
588 2602 666 2655 nobis
681 2601 807 2655 sufficere
825 2599 914 2664 debet,
939 2600 997 2656 leus
1014 2605 1066 2676 ipsi

182 2683 310 2750 debetur,
344 2686 419 2760 quod
442 2691 527 2761 turpis
546 2690 646 2760 ingenii
667 2687 743 2743 nulla
763 2687 905 2743 scribendo
926 2688 1067 2763 reliquerit

180 2770 215 2824 ad
240 2777 424 2844 posteritatem
450 2774 626 2829 inficiendam
653 2791 840 2840 monuments,
871 2791 952 2849 etque
972 2780 1067 2850 potius

180 2858 273 2912 multis
294 2861 453 2925 salutaribus
474 2865 622 2937 praeceptis
645 2861 678 2916 de
701 2882 732 2917 ea
756 2866 894 2917 meruerit.

144 2943 204 3011 m)
230 2944 350 3002 Clericus
366 2948 463 3002 frustra
474 2949 615 3003 contendit
626 2965 689 3004 eum
701 2969 734 3005 ex
745 2949 848 3023 plebeia
860 2948 942 3005 fuisse
951 2950 1063 3019 familis,

180 3049 211 3086 vt
223 3036 260 3086 ita
272 3051 402 3108 perpetuo
420 3039 448 3088 in
461 3036 629 3090 nobilitatem
644 3034 796 3091 inuehatur.
835 3038 909 3091 Nam
923 3028 1066 3097 Cornelius

179 3140 302 3194 expresse
327 3121 392 3175 dicit
410 3143 472 3177 eum
487 3123 583 3177 illustri
604 3124 665 3178 loco
684 3139 780 3178 natum
796 3123 893 3188 fuisse,
931 3145 986 3199 quo
1006 3148 1065 3182 non

177 3208 382 3282 impediebatur.
404 3230 453 3283 pro
471 3228 546 3264 more
566 3229 628 3266 suae
649 3213 751 3276 aetatis,
774 3212 925 3267 sPetribus
947 3211 982 3267 ad
1003 3213 1062 3290 ple·

177 3292 241 3348 bem
265 3300 385 3360 transire,
409 3300 465 3350 siue
488 3295 550 3351 odio
565 3298 727 3361 nobilitatis,
747 3300 805 3352 siue
826 3299 883 3354 aliis
898 3298 932 3353 de
953 3306 1063 3368 caussis,

177 3398 206 3434 et
224 3386 347 3439 omnium
362 3386 472 3437 minime
492 3383 578 3458 laesus
600 3385 634 3440 ab
654 3384 749 3439 ordine
768 3394 825 3444 sud·
841 3389 920 3442 toties
943 3407 1006 3443 eum
1020 3394 1063 3444 in·

177 3486 293 3541 crepare.
341 3530 344 3536 Ι

140 3553 216 3619 ****)
240 3557 405 3612 Referuntur
425 3558 471 3615 hic
490 3558 616 3614 Lectores
629 3559 664 3614 ad
685 3573 744 3614 not.
769 3552 863 3613 usin
885 3580 939 3634 qua
960 3562 1062 3619 dicitur

175 3643 257 3696 rerba
279 3645 345 3699 haec
368 3665 426 3701 non
445 3648 526 3703 nimis
544 3645 692 3720 premenda
713 3664 772 3705 stes
793 3664 872 3714 sum,
895 3654 1004 3727 propris
1019 3651 1060 3707 lo·
