2258 3998
277 66 759 200 cortorulum
966 116 1012 184 rs

60 282 115 333 tos
141 265 306 355 cuiusque
332 266 468 354 generis
493 265 648 333 innoxios
654 291 665 346 ς
693 288 763 359 quo
793 266 913 361 legatis
940 275 1014 338 eni·

59 394 138 438 mus
166 368 314 459 amplior
340 382 446 438 essetr
483 367 566 439 dein
590 393 650 482 eos
672 369 845 464 pollicitos
871 399 1014 469 oportun

61 499 160 544 suam
183 473 335 543 dimittit.

336 704 466 772 cAr.
496 704 734 773 XXXVrr-
776 658 780 662 ’

127 841 196 910 Sed
216 841 419 935 Allobroges
438 841 497 909 diu
514 846 552 912 in
570 832 703 914 incerto
722 845 887 957 habuere,
913 800 1014 943 quid·

59 972 143 1015 nam
162 947 295 1017 consilii
314 965 487 1039 caperent.
537 950 578 1018 In
602 948 710 1016 altera
733 967 835 1041 parte
854 972 929 1021 erat
956 979 1013 1024 aes

60 1054 232 1134 alienum,
272 1054 425 1155 studium
450 1052 548 1134 belli,
589 1077 716 1145 magna
733 1070 867 1126 merces
888 1062 925 1124 in
950 1082 1014 1151 spe
1089 1072 1092 1076 “

59 1165 245 1239 victoriae3
277 1175 313 1225 at
329 1161 366 1223 in
384 1156 492 1225 altera
512 1162 660 1226 maiores
678 1183 777 1251 opes,
807 1179 883 1230 tuta
901 1168 1013 1233 consi·

59 1265 117 1347 lia,
146 1291 210 1358 pro
239 1269 369 1332 incerta
395 1286 467 1354 spe,
495 1279 591 1330 certa
611 1269 772 1356 praemia.
822 1269 920 1336 Haec
944 1254 1012 1337 illis

58 1371 297 1450 voluentibus,
338 1367 480 1433 tandem
506 1372 589 1438 vicit
621 1370 760 1437 fortuna
787 1371 1006 1464 reipublicae.

59 1480 182 1567 Itaque
200 1478 241 1563 Q.
265 1474 369 1542 Fabio
389 1473 540 1563 Sangae,
567 1477 664 1540 cuius
677 1481 872 1566 patrocinio
890 1482 1012 1549 ciuitas

58 1582 251 1681 plurimum
275 1577 447 1675 utebatur,
479 1599 556 1643 rem
581 1600 732 1679 omnen,
761 1584 812 1648 vti
837 1605 1011 1674 cognoue.

58 1704 151 1768 rant,
181 1689 350 1776 aperiunt.
414 1683 554 1763 Cicero,
587 1704 652 1774 per
679 1683 827 1777 Sangam
865 1689 1011 1760 consilio
1102 1750 1105 1763 .

33 1839 34 1842 =
60 1797 213 1885 cognito,
244 1789 363 1881 legatis
377 1792 570 1880 praecepit:
598 1786 752 1883 studium
766 1795 1014 1865 coniurationis

59 1892 478 1972 vehementersimulent;
508 1908 641 1959 ceteros
662 1892 797 1976 adeant,
827 1895 914 1965 bene
931 1898 1010 1991 pol·

59 2003 259 2080 liceanture
273 2001 426 2090 dentque
440 2019 595 2088 operam,
625 2000 675 2068 vti
693 2020 750 2067 eos
770 2024 875 2095 quarn
890 2027 1008 2072 maxu-

60 2113 119 2178 me
142 2107 340 2176 manifestos
366 2103 524 2171 habeant.
621 2136 625 2151 ¹
734 2102 737 2107 ’
842 2114 844 2119 ’

321 2335 353 2401 o
366 2331 403 2398 A
417 2333 459 2399 r.
494 2284 744 2400 XrXVr'rr.

129 2475 243 2544 Isdem
270 2472 344 2540 fere
379 2470 593 2562 temporibus
629 2473 667 2538 in
698 2469 813 2540 Gellia
848 2475 1010 2548 citeriore

61 2599 170 2673 atque
195 2580 375 2659 ulteriore,
404 2582 489 2644 item
514 2582 552 2644 in
576 2598 659 2668 agro
684 2578 828 2660 Piceno,
859 2581 1006 2667 Bruttio,

57 2687 194 2780 Apulia
214 2690 328 2752 motus
355 2698 438 2751 erut.
503 2682 662 2772 Namque
685 2681 752 2763 illi,
794 2705 1008 2775 quos‘antee
1040 2694 1048 2709 ⁸

62 2792 213 2863 Catilina
238 2772 423 2869 dimiserat,
453 2786 647 2855 inconsulte
668 2812 710 2858 ac
733 2786 841 2857 voluti
865 2814 930 2882 per
953 2795 1009 2863 de·

62 2902 232 2968 mantiam
257 2904 398 2983 (cuncta
416 2893 536 2980 simul)
566 2917 687 2987 agere:
720 2900 900 2963 nocturnis
926 2921 1007 2966 con·

62 3004 157 3084 siliis,
184 3023 360 3069 armorum
379 3015 482 3090 atque
502 2997 652 3068 telorum
668 3001 930 3091 portatiouibue,
955 3004 1006 3071 fe·

12 3110 17 3120 '
62 3107 240 3187 stinando,
274 3096 434 3197 agitando
465 3110 582 3174 omnia
611 3104 690 3197 plus
719 3101 868 3187 timoris,
902 3130 1006 3197 quam
1075 3172 1078 3179 ,

63 3212 210 3306 periculi
232 3210 429 3277 effecerant.
498 3209 549 3275 Ex
573 3232 616 3276 eo
641 3231 787 3277 numero
811 3209 1006 3300 complures

63 3322 108 3409 Q.
133 3315 297 3385 Metellus
322 3316 422 3385 Celer
444 3316 586 3384 Praetor
611 3338 652 3382 ex
679 3315 797 3382 Senati
822 3312 1003 3398 Consulto,

10 3504 13 3519 ἱ
63 3448 181 3494 caussa
199 3427 352 3514 cognita,
382 3426 419 3488 in
442 3418 578 3517 vinculo
602 3421 837 3501 coniecerata
861 3424 946 3488 item
967 3426 1006 3490 in
1064 3471 1074 3499 ,

42 3530 228 3623 xulteriore
251 3526 363 3597 Gallie
388 3529 426 3596 G
455 3526 621 3608 Murena,
662 3529 723 3618 qui
750 3528 784 3594 ci
805 3526 1008 3617 prouinciae

63 3634 195 3731 legatus
220 3646 385 3728 praeerat·
457 3716 459 3721 ,
726 3625 785 3667 s
793 3650 797 3657 ·
