2258 3998
132 119 199 187 aas
259 132 263 138 ⁴
373 57 941 213 surnaranrnrro...

133 274 258 336 cornus
275 230 517 352 (stamma)
540 269 736 344 muciani,
760 272 854 335 ιοιῑω
875 236 1092 356 aecnpaona

107 438 109 442 p
130 367 398 468 pulchritudinem
415 381 517 450 auget.
600 388 603 393 ·

61 571 65 580 ¹
119 508 125 514 '
187 523 218 583 p.
238 490 301 581 149.
328 519 375 580 pr.
399 495 476 580 glor.
492 511 538 581 ‘at
556 480 629 581 'vict
648 497 707 569 his,
732 490 791 561 illis
810 494 870 581 pro
893 499 990 562 salut'e
1009 518 1084 564 cert,

129 597 211 678 App.
230 596 250 656 l·
265 616 292 657 c·
309 602 341 677 Ρ
356 593 404 677 75.
431 585 621 672 haesimus
636 614 746 683 W'Jfl‘
759 613 899 679 carpetas,
914 606 1046 669 Ρυμιιοις
1060 594 1086 656 ds

129 712 176 758 m
189 710 258 755 stunc
276 689 401 751 ὖνηλονς.
424 688 427 699 ’

184 837 215 896 p.
235 809 301 873 160.
321 813 362 872 de
382 811 475 872 Sulla
492 812 607 870 iterum
625 810 836 872 conferendus
852 809 1033 874 Plutarchus
1049 817 1085 876 in

126 914 188 972 vita
202 912 297 985 eiust,
313 905 452 967 Velleius
471 905 515 966 11.
542 925 633 988 capp.
653 905 782 967 20-28.
813 922 846 981 et
860 906 1021 990 Appianus
1041 914 1083 975 de

125 1006 214 1069 bellis
236 1001 381 1067 ciuilibus
404 1001 425 1062 l.
448 1024 473 1062 1.
530 1081 534 1091 Ι

182 1135 212 1150 --
248 1101 275 1148 -“
314 1114 346 1161 et
363 1099 509 1160 amictae
526 1098 657 1178 facilit:
691 1096 775 1159 vnde
802 1090 896 1160 etiarn
909 1096 1083 1182 ¹promtissi-

119 1219 212 1258 mum
236 1217 309 1275 eum
331 1195 372 1256 ad
396 1184 642 1280 misericordiam
662 1184 755 1255 luisse
773 1190 954 1283 lilutarclrus
974 1200 1081 1281 perhi-

114 1296 186 1364 bet,
212 1310 282 1354 ante
306 1290 493 1351 dictaturam
514 1291 675 1351 nimirum.
694 1296 699 1305 “
718 1284 804 1351 Nam¹
820 1312 857 1352 ea
875 1292 1020 1356 adsecuta
1037 1298 1080 1358 ita

121 1394 194 1493 egit,
219 1404 252 1449 vt
273 1388 387 1448 Cicero
411 1387 452 1446 de
444 1384 594 1464 finibus
617 1385 676 1445 111.
701 1400 776 1447 eu'm
782 1386 1014 1469 pestiferorum
1036 1396 1080 1455 vi·

119 1488 247 1555 tiorum,
272 1482 430 1552 lubidinis,
455 1483 604 1542 auantiae
615 1496 647 1542 et
664 1482 880 1545 crudelitatis
871 1508 905 1571 ¹¹.¹
925 1488 1078 1587 dictatura

89 1585 301 1666 'magistrum
323 1575 535 1691 appellauerit.
643 1628 647 1641 ,
688 1588 693 1597 ’

176 1698 215 1726 ·-·
242 1711 268 1726 ··
308 1678 373 1740 nisi
393 1668 485 1758 quod
510 1670 552 1732 de
575 1693 675 1733 uxore
693 1678 813 1758 potra‘z't
821 1658 984 1740 lionestms
1005 1702 1077 1740 con·

116 1777 188 1834 suli.
212 1773 347 1834 Aemilia
361 1772 414 1834 illa
434 1767 659 1852 appellabatur,
680 1793 777 1854 quam
796 1772 964 1834 abductam
988 1779 1075 1856 prius

113 1874 149 1932 in
166 1863 299 1932 domum
316 1888 421 1938 suam,
447 1886 467 1926 a
484 1864 530 1925 Μ.
555 1863 737 1938 Glabrione,
764 1885 832 1952 post
848 1891 944 1954 prae
928 1888 1074 1935 ouantem

111 1962 276 2046 Pompeio,
300 1963 434 2044 cupidus
448 1960 688 2045 propinquitatis
703 1985 777 2024 cum
790 1985 840 2038 eo,
863 1965 898 2025 in
913 1971 1074 2032 matrimo-

114 2066 202 2125 nium
226 2063 323 2124 dedit

169 2194 196 2208 -
232 2191 256 2207 .-
294 2155 413 2239 pudeat
432 2157 545 2237 magis,
569 2175 613 2215 au·
633 2156 939 2239 pigeatdisserere.
963 2161 1072 2223 innuit

112 2259 285 2324 victoriam,
315 2273 413 2335 quam
434 2251 645 2313 crudelissime
671 2251 819 2312 caedibus
835 2256 935 2325 variis,
961 2273 1070 2320 contra

111 2351 207 2416 fidem
228 2354 352 2418 datam,
378 2349 529 2417 exercuit,
556 2349 600 2406 vti
627 2349 785 2409 dictatoris
806 2350 922 2411 deinde
941 2368 1070 2434 potesta·

112 2465 172 2509 tem
203 2444 446 2530 proscribendo,
485 2443 570 2504 bona
596 2445 730 2505 diuitum
753 2444 945 2526 publicando
970 2443 1069 2514 et'sic

110 2565 216 2626 porro-

167 2695 197 2752 p.
217 2671 281 2730 152.
306 2691 412 2754 pugna
431 2670 599 2729 latrocinio
614 2691 657 2730 m.
674 2692 727 2752 qu.
742 2673 866 2753 praelio
877 2673 992 2734 similis.
1019 2675 1067 2738 lta

106 2768 225 2835 Florus.
240 2767 281 2828 ΙΙ.
295 2769 326 2829 5.
339 2775 370 2845 4.
386 2787 424 2826 er
435 2767 598 2827 occasione
612 2765 774 2827 latrocinia
785 2771 882 2852 magis
893 2788 989 2851 quam
1002 2771 1066 2832 bel·

105 2865 134 2925 la
156 2863 307 2935 faciebat;
332 2861 385 2923 vbi
410 2862 482 2922 vide
506 2863 709 2922 Duclterum:
746 2863 944 2924 Contrarium
971 2867 1064 2929 huius

104 2959 218 3018 Velleii
241 2959 283 3021 de
311 2960 416 3041 piratis
440 2958 482 3020 ΙΙ.
508 2958 558 3019 31.
586 2957 661 3019 belli
683 2978 773 3020 more
798 2982 865 3022 non
887 2961 1064 3026 latrocinio-

104 3077 192 3233 mii.
215 3149 280 3213 153.
306 3171 333 3211 c.
347 3151 533 3211 LXXXXV.
560 3150 712 3233 Pingitur
730 3150 820 3222 haec,
841 3168 875 3214 vt
884 3153 1007 3238 Virgilii
1026 3160 1062 3217 in

102 3262 239 3309 mentem
254 3248 378 3309 veniat.
403 3247 483 3307 Aen.
508 3247 566 3306 Xl.
590 3267 674 3328 192.·

198 3348 226 3403 ic
246 3345 331 3413 coelo
349 3341 654 3426 clamorquevirum
671 3342 863 3429 clangorque
881 3345 1030 3406 tubarum

98 3443 126 3498 ic
141 3443 238 3511 coelo,
264 3441 361 3510 dum,
383 3441 427 3498 vti
450 3437 502 3499 hia
525 3439 664 3509 dictum,
691 3438 781 3501 illum
794 3445 962 3502 extollunt.

156 3559 186 3615 p.
215 3535 279 3614 154.
297 3558 325 3597 c.
349 3535 551 3596 Lxxxxvl.
579 3555 690 3618 quam,
716 3539 760 3596 vti
784 3540 939 3597 miltiibus
963 3559 1060 3598 exae-

94 3645 215 3709 quatus
229 3632 286 3692 rel.
330 3633 458 3693 Memor
476 3646 509 3692 et
525 3632 561 3693 ia
577 3630 640 3696 hoc
657 3635 799 3714 promissi
818 3655 850 3716 p.
868 3642 933 3712 14¹·
953 3638 1059 3698 socius
