2258 3998
254 111 792 181 csususuuum
960 118 1006 205 47

55 274 215 339 minores.
268 272 381 361 Quare
402 293 536 336 vanum
556 272 713 361 equidem
731 272 795 335 boc
809 273 1003 349 consilium,

55 382 91 444 si
102 378 296 468 periculum
312 400 358 442 esc
373 379 445 441 illis
461 382 590 473 metuit.
616 381 723 441 sinin
740 394 836 441 tanto
850 380 1008 441 omnium
1090 392 1093 397 '

56 501 153 549 metu
169 484 262 547 solus
274 506 344 546 non
362 485 476 559 timet‚·
501 504 540 546 eo
556 486 668 569 magis
680 481 782 571 rtsert
800 483 890 545 milti
905 500 1008 571 atque

56 590 158 655 vobis
183 591 308 652 timere.
360 590 474 677 Quare
496 610 573 652 cum
595 590 637 653 de
652 589 694 652 P.
720 588 866 651 Lentulo
883 591 1009 651 ceteris·

57 717 128 785 que
150 698 322 772 statuetis,
345 716 409 781 pro
435 710 523 756 certo
549 693 718 772 habetote,
751 714 813 755 vos
835 694 942 755 simul
967 688 1009 755 de

57 803 213 867 exercitu
240 800 413 863 Catilinae
440 799 533 862 etde
557 800 715 862 omnibus
739 801 926 861 coniuratis
952 798 1009 860 de-

58 927 204 969 cernere.
261 905 397 992 Quanto
419 926 481 968 uos
508 908 672 968 attentius
692 926 734 967 ea
754 906 876 989 agetis,
913 920 1009 966 tanto

59 1010 134 1074 illis
160 1011 301 1073 animus
324 1009 496 1095 infirmior
524 1013 596 1073 erit.
631 1012 664 1072 si
680 1009 883 1097 paullulum
910 1008 1009 1072 modo

59 1138 124 1179 vos
151 1116 314 1200 languere
339 1114 506 1192 viderint,
542 1118 613 1177 iam
638 1138 754 1178 omnes
770 1113 906 1202 feroees
929 1114 1011 1177 ade-

59 1238 153 1307 runt.
203 1220 324 1285 Nolite
341 1224 559 1298 existumare,
586 1224 731 1283 maiores
753 1237 883 1283 nostros
903 1221 1011 1284 annis

59 1327 306 1415 rempublicam
328 1347 372 1389 ex
391 1348 506 1413 parua
527 1346 692 1410 magnam
703 1324 837 1414 fecisse.
897 1325 937 1387 Si
961 1328 1012 1387 ita

60 1456 124 1509 res,
138 1448 232 1509 esset,
258 1431 366 1493 multo
386 1430 667 1518 pulcherrumam
691 1453 767 1493 eam
792 1451 854 1491 nos
875 1429 1011 1493 babere·

59 1558 163 1602 mus:
195 1537 321 1626 quippe
346 1538 512 1599 sociorum
539 1552 643 1623 atque
670 1538 811 1611 ciuium,
830 1551 1012 1621 ¹praeterea

60 1664 239 1707 urniorum
251 1658 356 1729 atque
369 1662 533 1729 equorum
546 1643 659 1702 maior
670 1641 767 1702 nobit
780 1642 889 1726 copia,
905 1662 1013 1727 quam

62 1748 145 1813 illis.
194 1745 262 1810 Setl
283 1746 357 1809 aliu
369 1743 484 1833 fuere,
513 1768 603 1835 quae
622 1746 700 1807 illos
720 1766 864 1829 magnos
876 1744 1011 1833 secere,-

63 1874 155 1943 quae
184 1853 280 1917 nabit
311 1852 413 1914 nulla
443 1868 543 1913 stent:
584 1851 678 1913 domi
702 1851 891 1927 industria,
919 1848 1014 1938 foris

63 1962 194 2023 utstum
219 1960 409 2045 imperium,
448 1958 587 2018 animus
616 1959 653 2017 in
679 1955 886 2016 consulendo
917 1957 1010 2033 liber,

64 2086 176 2152 neque
202 2062 335 2139 delicto,
379 2084 488 2149 neque
516 2059 667 2122 lubidini
691 2059 870 2121 obnoxius.
943 2060 1013 2123 Pro
1085 2110 1089 2121 .

66 2168 121 2233 bis
140 2191 202 2231 nos
222 2167 385 2229 babemus
402 2167 581 2228 luxuriam
600 2182 704 2252 atque
723 2168 932 2239 auaritiam,·
947 2188 1014 2252 pu-

66 2274 152 2336 blice
173 2288 363 2359 egestatem,
383 2272 552 2358 priuatim
565 2271 777 2357 opulentiam
787 2294 800 2344 ,·
831 2269 1015 2333 laudamus

64 2377 221 2456 diuitias,
241 2380 417 2466 sequimur
429 2379 608 2448 inertiam5
635 2378 724 2437 inter
741 2375 844 2436 bonos
857 2390 890 2437 et
906 2376 1015 2436 malos

64 2484 249 2547 discrimen
265 2482 404 2544 nullum
411 2506 424 2556 ,·
456 2484 574 2543 omnia
602 2482 741 2541 virtzttis
761 2482 919 2566 praemia
946 2501 1014 2541 am·

66 2590 150 2653 bitio
163 2587 320 2676 possidet.
368 2586 492 2674 Neque
509 2588 643 2647 mirum.
681 2585 742 2646 vbi
757 2606 819 2645 vos
832 2589 1016 2671 separatim

64 2694 134 2760 sibi
161 2695 308 2782 quisque
330 2692 512 2753 eonsilium
538 2694 675 2777 capitis,
711 2690 772 2751 vbi
800 2688 896 2752 domi
921 2691 1016 2753 volu-

62 2798 229 2889 ptatibus,
248 2795 304 2858 bie
312 2798 490 2884 pecuniae,
506 2813 570 2858 aut
578 2799 712 2880 gratiae
724 2799 877 2869 seruitis,·
903 2819 941 2861 eo
951 2795 1012 2882 fit,

66 2922 110 2968 vt
133 2906 277 2990 impetus
295 2900 370 2986 fiat
394 2904 432 2963 in
459 2924 609 2966 uacttam
637 2901 888 2985 rempublicam.
950 2898 1018 2964 Sed

66 3031 130 3095 ego
155 3006 240 3071 baec
261 3010 387 3069 omitto.
438 3007 667 3071 Coniurauere
687 3006 903 3068 nobilissumi
925 3009 1017 3068 ciues

64 3116 221 3203 patriam
244 3112 436 3187 incendere;
466 3110 650 3175 Gallorum
670 3128 806 3196 gentem
828 3110 1016 3198 infestissu-

68 3240 166 3281 mam
182 3220 318 3281 nomiui
334 3217 491 3281 Romano
506 3217 555 3279 ad
570 3218 695 3281 bellum
715 3233 911 3290 arcessunt;
942 3214 1016 3276 dux

70 3323 220 3386 bostium
241 3344 346 3411 supra
366 3339 469 3408 caput
487 3339 558 3384 est:
588 3320 660 3385 Vos
679 3323 893 3384 cunctamini
911 3323 1016 3381 etiarn

68 3449 183 3505 nuuc,
219 3426 308 3516 quid
339 3430 432 3489 intra
459 3430 595 3490 moenia
623 3427 836 3515 deprebensis
867 3423 1017 3488 hostibus

58 3528 235 3620 faciatis?
262 3532 502 3596 Misereamini
518 3553 653 3594 censeo:
674 3532 845 3620 deliquere
863 3528 1017 3593 homines

10 3706 12 3717 ,
68 3636 317 3711 adolescentuli
338 3658 403 3727 per
424 3637 654 3706 ambitionem
699 3636 817 3726 Atque
837 3639 943 3701 etiam
966 3658 1019 3717 at,-
