2258 3998
120 115 165 197 u
365 107 864 176 coutvaarto·

403 266 535 333 cAr.
576 263 804 331 xxxin·

174 355 236 439 'At
252 373 384 437 Romae
398 369 579 450 Lentulus,
607 393 688 434 cum
706 356 855 447 ceteris,'
868 375 928 469 qui
946 370 1068 458 princi-

122 500 193 592 pes·
210 480 456 542 coniurationis
481 491 591 553 erant,
624 478 763 564 paratis,
789 489 826 540 vt
852 473 1066 552 videbantur,

122 586 254 672 magnis
282 583 410 673 copiis,
449 584 718 658 constituerant,
760 582 828 658 vti,
861 575 1069 644 Catilinam

123 711 242 778 agrum
267 682 491 751 Faesulanum
518 708 599 752 cum
626 691 785 761 venisset,
808 682 846 748 L.
875 666 987 749 Bestia
1007 687 1069 747 tri

123 795 234 859 bunus
259 790 392 881 plebis,
434 792 602 855 concione
628 790 758 869 habita,
798 804 1000 909 quereretur
1025 787 1069 852 de

123 897 312 965 actionibus
340 893 532 972 Ciceronis,
573 893 722 985 bellique
748 897 950 1006 grauissumi
979 897 1069 957 inui-

123 1004 215 1092 diam
235 1017 380 1091 optumo
401 996 564 1063 consuli
555 1016 767 1089 imponeret3
795 1023 837 1064 eo
854 1001 965 1088 signo,
987 1022 1067 1088 pro-

123 1131 225 1173 xuma
242 1119 344 1168 nocto
365 1119 481 1168 cetera
486 1102 687 1170 multitudo
708 1107 951 1171 conlurationis
968 1128 1070 1170 suum

125 1217 266 1302 quisque
291 1212 469 1296 negotium
488 1198 763 1300 exsequerentur.
813 1209 881 1274 Sed
903 1234 942 1274 ea
962 1209 1071 1275 diuisa

124 1318 191 1382 hoc
222 1313 327 1380 modo
351 1312 563 1378 dicebantur.
606 1312 759 1379 Statilius
779 1329 814 1379 et
833 1314 996 1382 Gabinius
1020 1317 1070 1379 vti

125 1445 204 1487 curn
233 1441 357 1507 magna
391 1441 497 1482 manu
527 1417 712 1485 duodecim
743 1417 848 1484 simul
873 1436 1070 1509 opportuna

124 1525 201 1591 loca
224 1524 314 1590 vrbis
348 1521 597 1602 incenderent,
640 1543 709 1613 quo
746 1522 900 1590 tumultu
937 1522 1070 1590 facilior

126 1632 236 1695 aditus
270 1628 312 1692 ad
345 1623 541 1705 consulem,
582 1643 734 1705 ceteros,
773 1630 894 1717 quibus
926 1629 1070 1692 insidiae

126 1732 345 1825 parabantur,
375 1728 496 1806 fieret,
530 1729 702 1817 Cethegus
731 1732 907 1796 Ciceronis
933 1735 1070 1795 ianuam

127 1834 314 1909 obsideret,
355 1854 437 1895 eum
471 1838 506 1898 vi
540 1831 800 1921 adgrederetur,
833 1835 918 1903 alius
952 1851 1069 1900 autem

127 1941 255 2015 alium3
285 1935 344 2002 sed
369 1933 433 1999 filit
455 1935 680 2018 familiarum,
710 1963 857 2030 quorum
885 1965 924 2007 ex
945 1937 1070 2004 nobili-

127 2062 196 2112 tate
211 2066 366 2109 maxuma
379 2065 469 2131 pars,
489 2030 649 2130 parb'utes
666 2043 902 2112 interficerent
913 2059 940 2124 ;''
952 2041 1069 2121 simul,

127 2149 230 2216 caede
256 2165 292 2215 et
319 2146 479 2214 incendio
498 2145 662 2238 perculsis
691 2134 863 2232 omnibus,
891 2150 933 2216 ad
953 2147 1070 2216 Catili-

127 2279 208 2320 nam
230 2252 462 2343 erumpere'nt.
512 2254 608 2319 Inter
632 2254 716 2321 haec
739 2273 857 2344 parata
883 2274 985 2346 atque
1011 2254 1070 2319 de-

128 2377 222 2426 creta
240 2359 410 2446 Cethegus
426 2379 564 2446 semper
581 2358 788 2447 querebatur
808 2360 850 2426 de
868 2364 1002 2450 ignauia
1021 2383 1070 2424 so

128 2471 258 2532 ciorum
266 2489 275 2541 ;
291 2461 367 2527 illos
382 2460 570 2527 dubitando
584 2476 619 2526 et
633 2461 704 2528 dies
715 2464 918 2553 prolatando
932 2487 1069 2553 magnas

129 2571 402 2658 opportunitates
421 2589 671 2661 corrumpereq
685 2567 790 2648 facto,
812 2594 882 2635 non
899 2567 1068 2649 consulto,

127 2680 164 2740 in
189 2670 249 2736 tali
269 2667 424 2760 periculo
452 2692 538 2760 opus
566 2695 654 2737 esse:
685 2696 807 2762 seque,
839 2677 867 2738 si
886 2677 987 2764 pauci
1011 2674 1070 2737 ad-

128 2783 296 2854 iuuarent,
334 2774 572 2865 languentibus
591 2775 675 2856 aliis,
705 2782 873 2867 impetum
889 2783 925 2845 in
941 2785 1070 2845 curiam

126 2886 308 2951 facturum.
341 2880 474 2944 Natura
486 2880 594 2960 ferox,
616 2882 811 2961 vehemens,
833 2907 937 2949 manu
952 2908 1069 2974 prom-

128 3007 195 3067 tus,
225 3008 422 3052 maxumum
443 2985 574 3053 bonum
599 2990 636 3053 in
654 2986 830 3054 celeritate
848 2989 999 3078 putabat.
1054 3045 1057 3050 .

396 3161 557 3231 tear.
589 3164 760 3253 ΧΧΧΧ.

193 3302 261 3371 Sed
290 3300 493 3391 Allobroges
524 3327 564 3369 ex
588 3319 774 3396 praecepto
804 3306 977 3373 Ciceronis
1006 3330 1070 3398 per

128 3410 315 3476 Gabinium
343 3422 474 3494 ceteros
495 3413 726 3489 conueniunt,
758 3412 800 3477 ab
813 3411 976 3490 Lentul0,
1004 3414 1069 3477 Ce-

126 3513 248 3602 thego,
278 3510 426 3595 Statilio,
454 3515 541 3589 item
566 3515 681 3582 Cassio
707 3513 884 3604 postulant
908 3520 1069 3582 iusiuran-

67 3648 69 3654 ·
125 3617 226 3698 dum,
255 3616 348 3709 quod
374 3620 548 3709 signatum
570 3617 613 3689 ad
636 3622 719 3688 ciuis
742 3621 928 3713 perferant.
968 3618 1069 3686 aliter
