2258 3998
289 125 790 194 111111111111.
989 122 1031 223 29'

79 286 215 355 merces
244 283 450 362 videbatur3
496 284 614 350 tamen'
641 274 838 377 postulare
856 280 1028 377 plerique,

79 399 132 461 vti
158 408 387 483 proponeret:
420 396 507 479 quae
531 389 687 456 conditio
710 390 793 457 belli
811 390 913 471 foret,
943 416 1032 482 quae
1121 434 1124 440 -

80 503 237 589 praemia
258 502 361 561 armis
389 486 565 586 peterent,
604 495 686 585 quid
714 495 839 584 vbique
867 504 943 587 opis
970 514 1032 564 aut

81 610 159 693 spei
183 602 358 667 haberent.
417 603 513 667 Tum
541 599 697 685 Catilina¹
717 600 875 690 polliceri
900 602 1031 669 tabulas

82 733 204 786 nouas,
226 689 520 799 proscriptionem
538 703 781 795 locupletium,
799 714 1030 797 magistratus,

84 808 287 889 saderdotia,
315 819 463 902 rapinas,
493 808 559 874 alia
581 817 708 888 omnia,
733 835 820 900 quae
838 810 970 878 bellum
988 831 1034 887 11·
1090 858 1094 865 ·

55 907 58 915 ¹
83 944 153 1008 que
189 916 314 982 lubido
335 918 516 982 'victorum
547 914 624 980 fert.
687 917 866 982 Praeterea
898 912 969 984 esse
996 926 1034 986 in

80 1020 435 1116 Hispania¹citeriore
454 1020 628 1098 Pisonem,
660 1026 695 1084 in
715 1014 932 1088 Mauretania
952 1048 1035 1100 cum
1089 1056 1094 1071 ¹

86 1135 240 1194 exercitu
261 1128 295 1191 P.
320 1128 465 1192 Sittium
484 1125 714 1204 Nucerinum,
736 1125 871 1191 consilii
888 1136 941 1192 sui
955 1155 1053 1219 par-¹
1088 1166 1092 1177 ·

86 1240 232 1324 ticipes:
260 1248 381 1325 petere
400 1228 617 1296 consulatum
636 1230 673 1296 C.
694 1231 899 1310 Antonium,
929 1258 1036 1324 quem

48 1332 51 1340 ’
84 1339 153 1405 sibi
168 1336 337 1426 collegam
358 1336 432 1400 fore
447 1351 616 1424 speraret,
647 1335 827 1400 hominem
841 1352 876 1401 et
888 1338 1037 1407 familia-

86 1426 175 1522 renf,
190 1458 226 1507 et
241 1440 401 1507 omnibus
415 1438 723 1533 necessitudinibus
735 1447 1032 1510 circumuentum:

86 1574 169 1624 cum
185 1571 225 1613 eo
240 1571 277 1613 se
292 1542 470 1612 consulem
486 1551 629 1609 initium
643 1542 767 1633 agendi
777 1544 962 1612 facturum.
981 1549 1037 1616 Ad

87 1655 186 1734 hoc,
197 1651 391 1719 maledictis
419 1656 576 1740 increpat
603 1654 716 1714 omnis
743 1647 865 1716 bonos:
894 1638 1039 1723 suorum

88 1781 372 1928 vpumquemque
409 1762 611 1837 nominans,
647 1752 834 1834 laudare3
851 1755 1040 1857 admonere

87 1863 198 1930 alium
213 1868 432 1951 egestatis,a
413 1860 521 1925 alium
540 1860 740 1970 cupiditatis
759 1885 852 1940 suae,
878 1864 1038 1957 complu-

88 1995 145 2037 res
159 1962 307 2058 periculi
321 1983 381 2033 aut
395 1962 637 2061 ignominiae,
640 1958 769 2029 multos
781 1973 944 2035 victoriae
960 1970 1039 2037 Sul·

88 2074 212 2152 lanae,
215 2071 382 2164 quibus
415 2096 454 2135 ea
485 2070 635 2173 praedae
661 2069 783 2135 fuerat.
853 2073 1040 2164 Postquam

92 2170 258 2245 omnium
274 2185 409 2242 animos
437 2174 556 2239 alacris
590 2174 707 2252 videt;
751 2176 966 2257 cohortatus,
1003 2198 1040 2248 vt

89 2262 302 2376 petitionem
335 2305 433 2348 suam
462 2303 564 2346 curae
595 2277 782 2359 haberent,
826 2276 1041 2352 conuentum

91 2390 235 2456 dimisit.

394 2493 526 2560 CAP.
570 2490 736 2557 XVIII.

160 2603 271 2669 Fuere
289 2623 328 2666 ea
342 2613 561 2688 tempestate,
584 2620 644 2689 qur
635 2596 825 2676 dicerent,
843 2567 1039 2681 Catilinam,
1112 2592 1115 2597 ¹

95 2713 252 2776 oratione
273 2704 404 2784 habita,
434 2727 514 2769 cum
535 2701 577 2767 ad
599 2701 839 2769 iusiurandum
857 2703 1042 2799 populares

93 2806 232 2880 sceleris
246 2806 300 2877 su'r
292 2806 478 2898 adigeret,
498 2809 643 2872 hnmani
641 2814 809 2897 corporis
824 2817 1040 2898 sanguinem,

50 2896 62 2919 ⁹
95 2926 177 2986 vino
194 2908 424 3006 permirltum,
451 2920 488 2977 in
505 2919 634 3004 pateris
658 2911 930 2994 circumtulisse3
960 2916 1043 2982 inde

96 3048 178 3090 cum
202 3039 281 3112 post
299 3012 576 3085 'exsecrationem
598 3006 727 3082 'omnes
755 3017 1041 3107 degustauissent,

97 3135 200 3193 sicuti
220 3135 256 3194 in
279 3124 491 3191 solemnibus
512 3131 615 3191 sacris
643 3120 718 3187 lieri
740 3132 938 3204 consueuit,
963 3149 1044 3215 ape-

98 3239 207 3298 ruisse
235 3230 421 3316 consilium
446 3255 561 3308 sunm,
590 3220 694 3318 atque
716 3252 769 3307 e0,
799 3229 971 3307 dictitare,
999 3214 1053 3295 fess

99 3345 198 3416 cisse,
224 3360 293 3428 quo
320 3344 413 3402 inter
438 3359 475 3402 se
505 3332 563 3400 fidi
591 3340 699 3423 magis
723 3334 850 3412 forent,
873 3332 960 3398 alius
984 3334 1044 3402 alii

96 3449 189 3511 tanti
212 3438 373 3510 facinoris
394 3446 534 3508 conscii.
590 3436 761 3504 Nonnulli
780 3437 882 3503 ficta
885 3454 921 3503 et
944 3440 1054 3520 haec,

97 3566 136 3616 et
154 3546 266 3614 multa
283 3564 463 3639 praeterea
477 3543 729 3611 existumabant
744 3543 822 3608 ab
799 3567 854 3620 ns,
870 3566 931 3632 qur
922 3545 1045 3610 Cice-

98 3661 194 3722 ronis
214 3653 395 3736 inuidiam,
424 3675 512 3746 quae
529 3666 654 3746 postea
672 3664 753 3718 orta
772 3663 840 3730 est,
853 3646 972 3717 lerini
991 3662 1071 3711 ere÷

628 3761 710 3838 Bu
