2258 3998
288 112 786 185 IVGVR'THINVM.
970 120 1011 191 61

61 271 141 343 vtili
155 271 265 339 labori
280 293 360 336 meo
374 294 503 337 nomen
520 252 664 337 inertiae
680 279 863 364 imponant
871 302 881 354 3
906 289 1013 355 certe,

60 378 189 470 quibus
216 398 374 442 maxuma
400 376 568 441 industria
590 377 743 459 videtur,
771 379 920 446 salutare
941 380 1017 470 ple·

59 484 157 563 bem,
187 498 224 549 et
244 488 414 549 conuiuiis
436 489 581 572 gratiam
599 505 773 573 quaerere.
824 486 895 572 Qui
916 493 945 551 si
966 508 1007 553 re

59 594 280 681 putauerint,
311 602 346 653 et
372 587 498 679 quibus
526 613 590 681 ego
607 589 824 679 temporibus
843 596 1016 678 magistra·

58 711 118 761 tus
147 693 293 783 adeptus
321 717 416 774 sum,
452 712 487 760 et
514 694 629 785 quales
661 701 728 762 viri
756 695 850 759 idem
872 694 1015 786 adsequi

59 804 299 890 nequiuerint,
327 816 362 864 et
382 816 502 890 postea
517 824 603 891 quae
622 822 749 889 genera
772 801 955 866 hominum
976 808 1015 867 in

57 922 221 973 senatum
256 913 503 994 peruenerint:
548 905 706 995 profecto
742 905 1013 987 existumabunt,

57 1033 118 1079 me
133 1017 242 1100 magis
256 1018 394 1088 merite,
423 1034 527 1100 quam
543 1017 691 1101 ignauia,
719 1010 892 1076 iudicium
905 1018 1016 1075 animi

56 1123 264 1195 mutauisse,
297 1123 476 1206 maiusque
502 1116 728 1181 commodum
754 1139 795 1180 ex
820 1122 893 1181 otio
918 1138 1012 1197 meo,

56 1244 167 1311 quam
189 1244 229 1286 ex
246 1218 395 1286 aliorum
414 1229 562 1312 negotiis
581 1220 792 1312 reipublicae
811 1236 1015 1288 venturum.-

56 1327 155 1392 Nam
179 1350 281 1417 saepe
308 1327 447 1406 audiui,
488 1314 530 1414 Qss
560 1328 781 1405 Maxumum,
820 1327 856 1393 P.
884 1327 1014 1415 Scipio

56 1454 156 1510 nem,
185 1448 365 1521 praeterea
382 1439 534 1499 ciuitatis
555 1449 693 1497 nostrae
711 1428 905 1521 praeclaros
920 1437 1012 1498 viros

56 1534 181 1603 solitos
196 1520 244 1603 ita
262 1539 394 1605 dicere:
426 1561 506 1606 cvra
525 1560 722 1604 1111011111
742 1559 941 1601 1111111111
959 1559 1014 1601 111-

55 1665 324 1723 ·rvenuurvu,
356 1635 720 1710 vnunmeurrssvaau
745 1663 1013 1707 111111111111

55 1772 109 1815 an
131 1772 347 1816 vrnrvreur
377 1772 581 1814 accrum.
630 1747 773 1851 Scilicet
798 1770 868 1813 non
895 1770 1014 1812 ceram

52 1852 169 1935 illam,
196 1877 308 1944 neque
323 1853 469 1944 figuram
485 1871 571 1920 tanta
571 1880 617 1921 un
635 1862 706 1923 vim
722 1862 758 1919 in
778 1877 851 1920 sese
866 1846 1010 1931 habere3

56 1959 119 2026 sed
133 1967 304 2026 memoria
315 1984 433 2025 rerum
448 1978 624 2050 gesta1um
639 1984 713 2026 eam
730 1960 905 2024 flammam
921 1980 1013 2047 egre·

54 2071 130 2155 giis
148 2071 227 2131 viris
246 2072 281 2129 in
299 2081 441 2154 pectore
458 2090 625 2145 crescere,
644 2090 757 2154 neque
774 2073 869 2154 prius
884 2062 1009 2143 sedari,

56 2160 166 2261 qulam
189 2177 297 2238 virtus
322 2194 444 2237 eorum
466 2171 592 2236 famam
618 2190 721 2259 atque
748 2169 895 2259 gloriam
915 2168 1016 2234 adae-¹

56 2281 230 2367 quauerit.
265 2275 315 2340 At
328 2292 459 2357 contra,
489 2285 564 2367 quis
585 2293 635 2341 est
652 2281 822 2353 omnium,
838 2274 890 2338 his
909 2279 1011 2336 mori·

56 2379 135 2459 bus,
172 2388 259 2473 quin
289 2381 421 2447 diuitiis
452 2399 488 2448 et
514 2381 697 2459 sumtibus,
737 2403 810 2445 non·
836 2378 1012 2469 probitate

54 2508 173 2577 neque
199 2486 369 2553 industria
387 2512 468 2553 cum
493 2488 680 2553 maioribus
706 2493 776 2552 suis
800 2482 1012 2551 contendat?

54 2596 167 2685 etiarn
186 2593 347 2663 homines
364 2601 461 2674 noui,
492 2601 552 2682 qui
574 2609 673 2657 antea
689 2616 754 2682 per
774 2599 940 2658 virtutem
960 2611 1010 2655 so-

54 2694 113 2765 liti
139 2714 238 2765 etant
258 2696 478 2764 nobilitatem
499 2705 720 2776 anteuenire,
750 2697 874 2761 furtim
892 2711 928 2761 et
943 2716 1010 2787 per

54 2800 240 2875 latrocinia
265 2812 380 2894 potius
405 2809 541 2893 (quam
537 2803 645 2868 bonis
663 2800 812 2884 artibus)
838 2800 912 2865 ad
903 2822 1008 2891 impe·

54 2914 110 2975 ria
129 2926 165 2976 et
189 2910 337 2979 honores
356 2916 527 2975 nituntur.
555 2908 703 2997 proinde
727 2914 824 2997 quasi
844 2923 1008 2997 praetura
1046 2912 1050 2919 '

54 3028 96 3079 et
125 3013 348 3093 consulatus,
384 3004 488 3104 atque
519 3012 585 3079 alia
615 3021 731 3079 omnia
764 3010 1008 3079 huiuscemodi

10 3158 28 3199 ,·
53 3139 122 3209 per
148 3142 185 3185 se
210 3127 283 3211 ipsa
306 3119 414 3200 clara,
444 3119 627 3209 magnifica
650 3127 742 3198 sint3
775 3141 815 3185 ac
840 3141 910 3183 non
934 3139 1009 3206 per-

53 3224 139 3291 inde
155 3225 358 3307 habeantur,
380 3241 418 3294 vt
436 3250 575 3305 eorum,
603 3233 663 3316 qui
688 3233 871 3303 sustinent,
898 3230 1007 3289 virtus

53 3345 117 3397 est.
167 3330 304 3399 Verum
323 3356 386 3422 ego
405 3331 548 3399 liberius
564 3329 736 3421 altiusque
751 3336 902 3420 processi
921 3322 1007 3427 dum
1063 3357 1065 3360 ·

53 3458 113 3503 me
127 3442 280 3504 ciuitatis
294 3461 435 3507 morum
447 3445 546 3543 piget
563 3437 757 3569 taedetque.
789 3458 882 3501 nune
896 3433 962 3498 ad
954 3456 1007 3497 111-

51 3556 198 3633 ceptum
216 3542 329 3610 redeo.

420 3718 636 3762 ’.Ξ-’.π

1037 1693 1045 1722 l
