2258 3998
133 118 195 183 no
392 112 759 210 ,nntium

130 274 302 362 impositis
338 269 491 337 turribus
523 293 611 359 opus
639 284 676 334 et
705 269 924 336 administros
945 264 1079 335 'tutari

130 379 260 443 Contra
289 377 374 442 haec
402 374 571 464 oppidani
591 374 769 453 festinare,
795 399 939 464 parare:
984 398 1084 464 pron

128 506 184 547 sus
209 483 251 548 ab
279 489 434 571 utrisque
459 477 549 545 nihil
572 478 748 575 reliquum
778 479 864 545 fieri.
920 481 1084 570 Denique

128 589 288 666 Romani,
317 585 431 651 multo
456 599 537 650 ante
562 583 679 651 labore
702 584 915 677 praeliisque,
932 585 1080 677 fatigati,

127 707 207 783 post
231 692 304 757 dies
332 690 575 781 quadraginta,
615 714 720 780 quam
749 714 792 757 eo
813 704 964 758 rentum
991 682 1079 787 erat,

127 797 258 886 oppido
284 797 389 862 modo
412 798 535 886 potiti:
569 796 698 884 praeda
722 801 836 862 omnis
858 796 900 861 ab
926 795 1081 886 perfugis

125 918 301 992 corrupta.
351 904 381 966 Ii
405 917 591 990 postquam
616 918 759 968 inurur'n
779 898 1080 987 arietibus-feriri,

123 1029 248 1096 resque
273 1030 350 1073 suas
378 1005 531 1072 adflictas
561 1006 698 1087 vident,
742 1029 868 1075 aurum
892 1021 998 1096 atque
1025 1030 1080 1071 ar·

123 1128 282 1202 gentum,
308 1127 345 1178 et
367 1109 444 1190 alia,
475 1135 565 1202 qnae
580 1116 694 1204 prima
714 1111 904 1191 ducuntur,
932 1111 1079 1179 domum

122 1223 262 1306 regiam
280 1232 519 1306 comportant:
554 1218 603 1284 ibi
621 1223 703 1283 vino
724 1233 768 1285 et
791 1215 905 1309 epulis
930 1223 1076 1295 onerati,

122 1319 264 1411 illaque,
294 1339 331 1387 et
356 1321 515 1405 domum,
544 1338 581 1388 et
607 1339 718 1389 semet
738 1328 813 1412 igni
830 1339 1076 1412 corrumpunt3

121 1443 159 1494 et
195 1450 278 1517 quas
311 1433 397 1493 victi
434 1428 476 1493 ab
509 1428 664 1496 hostibus
700 1449 830 1518 poenas
849 1442 1074 1506 metuerent,

14 1513 18 1527 ⁸
121 1555 176 1599 eas
202 1538 270 1624 ipsi
294 1529 450 1600 volentes
476 1534 686 1624 pependere.
795 1578 799 1587 ·
829 1590 833 1599 .
1000 1544 1005 1555 '

399 1639 544 1704 CAR·
573 1640 787 1705 LXXIII.
836 1674 841 1683 ·
882 1680 885 1685 ·

186 1742 257 1813 Sed
280 1749 412 1835 pariter
437 1764 521 1810 cum
546 1761 649 1835 capta
676 1743 789 1811 Thala
812 1742 987 1835 legati..ex
1011 1760 1075 1835 op-

119 1848 204 1941 pido
228 1851 332 1939 Lepti
355 1847 398 1914 ad
423 1845 611 1915 Metellum
634 1863 815 1929 venerant,
836 1865 992 1930 orantes,
1022 1854 1078 1919 vti

114 1957 328 2047 praesidium
349 1954 628 2047 praefectumque
653 1980 691 2020 eo
719 1959 872 2020 mitteret.
930 1957 1074 2022 Hamil-

119 2086 231 2127 carem
256 2060 450 2152 quemdam,
484 2060 659 2126 hominem
683 2046 844 2140 nobilem,
863 2060 1070 2153 factiosum,

119 2172 220 2233 nouis
244 2169 340 2232 rebus
363 2166 515 2245 studere,·
543 2168 730 2232 aduersum
748 2190 851 2256 quem
872 2176 984 2256 neque
1008 2173 1077 2232 im-

114 2278 213 2364 peria
243 2274 524 2358 magistratuum,
566 2296 676 2361 neque
705 2274 792 2358 leges
822 2273 1000 2338 valerent.-
1032 2278 1076 2339 m·

118 2381 156 2445 id
171 2379 367 2468 festinaret,
399 2379 437 2439 in
455 2399 588 2441 summo
610 2381 763 2462 periculo
786 2402 887 2443 sunm
904 2380 1069 2461 salutem,

117 2486 259 2548 illorum
281 2485 388 2546 socios
406 2481 497 2571 fore.
568 2479 660 2545 Nam
687 2482 867 2572 Leptitani
889 2487 961 2549 iam
987 2484 1072 2552 inde

116 2593 289 2678 principio
308 2581 392 2650 belli
417 2584 617 2674 Iugurthini
637 2584 680 2650 ad
700 2587 852 2653 Bestiam
874 2586 1069 2670 consulem,
1092 2590 1098 2597 ’

115 2707 153 2759 et
186 2708 306 2781 postea
333 2690 481 2757 Romam
507 2695 699 2770 miserant,
742 2695 933 2757 amicitiam
962 2698 1073 2763 socie·

116 2778 295 2886 tatemque
323 2812 494 2885 rogatum.
562 2795 671 2874 Dein,
714 2796 772 2863 vbi
802 2821 842 2863 oa
868 2799 1069 2887 impetrata,

115 2923 255 2991 semper
278 2899 360 2964 boni
391 2898 581 2988 fidelesque
615 2924 790 2982 mansere,
831 2919 868 2970 et
894 2921 1022 2971 cuncta
1049 2929 1072 2972 a

113 3008 240 3086 Bestia,
268 3002 398 3074 Albino
422 3002 639 3095 Metelloque
668 3013 838 3096 imperata
862 3014 947 3073 naui
976 3009 1070 3077 fece·

113 3127 201 3179 rant.
251 3110 370 3198 Itaque
398 3109 440 3174 ab
468 3117 678 3200 imperatore
705 3112 819 3191 facile,
852 3136 941 3202 quae
971 3132 1070 3205 pete·

112 3216 214 3296 bant,
253 3213 380 3303 adepti.
450 3216 605 3282 Emissae
633 3240 675 3283 eo
710 3218 872 3284 cohortes
896 3219 1070 3310 Ligurum

112 3337 273 3412 quatuor,
302 3335 338 3385 et
366 3320 403 3387 C.
438 3320 576 3388 Annius
603 3322 811 3410 praefectus.
1087 3330 1090 3337 '

400 3426 476 3492 CA
488 3427 530 3491 P.
568 3428 769 3494 LXXIV.

177 3529 218 3594 Id
241 3528 412 3620 oppidum
437 3516 491 3598 ab·
506 3529 658 3596 Sidoniis
681 3532 884 3616 condimm,
903 3557 991 3628 quos
1015 3564 1068 3611 ac·

110 3637 266 3725 cepimus
293 3634 458 3728 profugos
482 3635 528 3705 ob
551 3633 738 3709 decoratas
764 3639 1066 3727 cindasiunthus
