<?xml version="1.0" encoding="UTF-8"?>
<!DOCTYPE html PUBLIC "-//W3C//DTD XHTML 1.0 Transitional//EN"
    "http://www.w3.org/TR/xhtml1/DTD/xhtml1-transitional.dtd">
<html xmlns="http://www.w3.org/1999/xhtml" xml:lang="en" lang="en">
 <head>
  <title>
</title>
<meta http-equiv="Content-Type" content="text/html;charset=utf-8" />
  <meta name='ocr-system' content='tesseract 3.04.00' />
  <meta name='ocr-capabilities' content='ocr_page ocr_carea ocr_par ocr_line ocrx_word'/>
</head>
<body>
  <div class='ocr_page' id='page_1' title='image "./caivscrispvssal00sallgoog_0040.png"; bbox 0 0 2258 3998; ppageno 0'>
   <div class='ocr_carea' id='block_1_1' title="bbox 333 102 1036 199">
    <p class='ocr_par' dir='ltr' id='par_1_1' title="bbox 333 102 1036 199">
     <span class='ocr_line' id='line_1_1' title="bbox 333 102 1036 199; baseline -0.004 -12"><span class='ocrx_word' id='word_1_1' title='bbox 333 102 784 199; x_wconf 69' lang='lat' dir='ltr'>cari&#39;irniaia</span> <span class='ocrx_word' id='word_1_2' title='bbox 991 107 1036 185; x_wconf 75' lang='lat'>25</span> 
     </span>
    </p>
   </div>
   <div class='ocr_carea' id='block_1_2' title="bbox 64 275 1111 1001">
    <p class='ocr_par' dir='ltr' id='par_1_2' title="bbox 64 275 1111 1001">
     <span class='ocr_line' id='line_1_2' title="bbox 79 275 1035 372; baseline -0.007 -28"><span class='ocrx_word' id='word_1_3' title='bbox 79 295 169 359; x_wconf 80' lang='lat' dir='ltr'>erat,</span> <span class='ocrx_word' id='word_1_4' title='bbox 192 280 389 369; x_wconf 72' lang='lat' dir='ltr'>praemium</span> <span class='ocrx_word' id='word_1_5' title='bbox 412 298 509 342; x_wconf 80' lang='lat' dir='ltr'>seruo</span> <span class='ocrx_word' id='word_1_6' title='bbox 527 276 715 341; x_wconf 62' lang='lat' dir='ltr'>&amp;herentem</span> <span class='ocrx_word' id='word_1_7' title='bbox 730 290 769 372; x_wconf 30' lang='lat' dir='ltr'>et·</span> <span class='ocrx_word' id='word_1_8' title='bbox 785 275 936 340; x_wconf 68' lang='lat' dir='ltr'>sestertia</span> <span class='ocrx_word' id='word_1_9' title='bbox 959 295 1035 338; x_wconf 85' lang='lat' dir='ltr'>cen·</span> 
     </span>
     <span class='ocr_line' id='line_1_3' title="bbox 79 382 1111 471; baseline -0.009 -21"><span class='ocrx_word' id='word_1_10' title='bbox 79 403 179 450; x_wconf 73' lang='lat' dir='ltr'>tum:</span> <span class='ocrx_word' id='word_1_11' title='bbox 218 383 321 448; x_wconf 72' lang='lat' dir='ltr'>libero</span> <span class='ocrx_word' id='word_1_12' title='bbox 352 385 595 471; x_wconf 74' lang='lat' dir='ltr'><em>impunitatem</em></span> <span class='ocrx_word' id='word_1_13' title='bbox 620 384 693 446; x_wconf 82' lang='lat' dir='ltr'>eius</span> <span class='ocrx_word' id='word_1_14' title='bbox 722 382 787 458; x_wconf 84' lang='lat' dir='ltr'>rei,</span> <span class='ocrx_word' id='word_1_15' title='bbox 825 396 861 443; x_wconf 83' lang='lat' dir='ltr'>ec</span> <span class='ocrx_word' id='word_1_16' title='bbox 886 382 1037 445; x_wconf 75' lang='lat' dir='ltr'>sestertia</span> <span class='ocrx_word' id='word_1_17' title='bbox 1099 386 1111 431; x_wconf 85' lang='lat' dir='ltr'>t</span> 
     </span>
     <span class='ocr_line' id='line_1_4' title="bbox 79 483 1037 574; baseline -0.007 -19"><span class='ocrx_word' id='word_1_18' title='bbox 79 489 251 566; x_wconf 60' lang='lat' dir='ltr'>ducem</span> <span class='ocrx_word' id='word_1_19' title='bbox 274 492 362 553; x_wconf 86' lang='lat' dir='ltr'>item</span> <span class='ocrx_word' id='word_1_20' title='bbox 390 485 627 570; x_wconf 87' lang='lat' dir='ltr'>(decreuere,)</span> <span class='ocrx_word' id='word_1_21' title='bbox 656 489 710 549; x_wconf 81' lang='lat' dir='ltr'>vti</span> <span class='ocrx_word' id='word_1_22' title='bbox 731 483 962 570; x_wconf 66' lang='lat' dir='ltr'><em>gladiatoriae</em></span> <span class='ocrx_word' id='word_1_23' title='bbox 977 483 1037 574; x_wconf 92' lang='lat' dir='ltr'>fa</span> 
     </span>
     <span class='ocr_line' id='line_1_5' title="bbox 64 580 1037 682; baseline 0 -27"><span class='ocrx_word' id='word_1_24' title='bbox 64 595 203 659; x_wconf 76' lang='lat' dir='ltr'>miliae</span> <span class='ocrx_word' id='word_1_25' title='bbox 221 594 380 682; x_wconf 75' lang='lat' dir='ltr'>Capuam</span> <span class='ocrx_word' id='word_1_26' title='bbox 400 609 435 656; x_wconf 81' lang='lat' dir='ltr'>et</span> <span class='ocrx_word' id='word_1_27' title='bbox 453 596 492 655; x_wconf 85' lang='lat' dir='ltr'>in</span> <span class='ocrx_word' id='word_1_28' title='bbox 517 608 626 657; x_wconf 86' lang='lat' dir='ltr'>cetera</span> <span class='ocrx_word' id='word_1_29' title='bbox 650 592 842 678; x_wconf 81' lang='lat' dir='ltr'>municipia</span> <span class='ocrx_word' id='word_1_30' title='bbox 864 580 1037 655; x_wconf 63' lang='lat' dir='ltr'>distribue</span> 
     </span>
     <span class='ocr_line' id='line_1_6' title="bbox 81 697 1040 788; baseline -0.003 -24"><span class='ocrx_word' id='word_1_31' title='bbox 81 716 214 779; x_wconf 80' lang='lat' dir='ltr'>rentur,</span> <span class='ocrx_word' id='word_1_32' title='bbox 240 720 306 788; x_wconf 80' lang='lat' dir='ltr'>pro</span> <span class='ocrx_word' id='word_1_33' title='bbox 331 700 496 788; x_wconf 82' lang='lat' dir='ltr'>cuiusque</span> <span class='ocrx_word' id='word_1_34' title='bbox 519 698 656 787; x_wconf 86' lang='lat' dir='ltr'>opibus,·</span> <span class='ocrx_word' id='word_1_35' title='bbox 689 697 820 760; x_wconf 83' lang='lat' dir='ltr'>Romae</span> <span class='ocrx_word' id='word_1_36' title='bbox 840 716 905 783; x_wconf 84' lang='lat' dir='ltr'>per</span> <span class='ocrx_word' id='word_1_37' title='bbox 929 711 1040 761; x_wconf 78' lang='lat' dir='ltr'>totam</span> 
     </span>
     <span class='ocr_line' id='line_1_7' title="bbox 82 802 1048 893; baseline -0.002 -26"><span class='ocrx_word' id='word_1_38' title='bbox 82 804 203 868; x_wconf 81' lang='lat' dir='ltr'>vrbem</span> <span class='ocrx_word' id='word_1_39' title='bbox 225 803 374 890; x_wconf 72' lang='lat' dir='ltr'>vigiliae</span> <span class='ocrx_word' id='word_1_40' title='bbox 395 803 618 882; x_wconf 77' lang='lat' dir='ltr'>laberentur,</span> <span class='ocrx_word' id='word_1_41' title='bbox 658 805 768 893; x_wconf 81' lang='lat' dir='ltr'>iisque</span> <span class='ocrx_word' id='word_1_42' title='bbox 790 802 938 866; x_wconf 83' lang='lat' dir='ltr'>minores</span> <span class='ocrx_word' id='word_1_43' title='bbox 962 822 1048 872; x_wconf 67' lang='lat' dir='ltr'>ma,</span> 
     </span>
     <span class='ocr_line' id='line_1_8' title="bbox 78 912 470 1001; baseline 0 -27"><span class='ocrx_word' id='word_1_44' title='bbox 78 912 247 1001; x_wconf 60' lang='lat' dir='ltr'>granatus</span> <span class='ocrx_word' id='word_1_45' title='bbox 262 925 470 998; x_wconf 49' lang='lat' dir='ltr'>,praeessent</span> 
     </span>
    </p>
   </div>
   <div class='ocr_carea' id='block_1_3' title="bbox 378 1046 787 1152">
    <p class='ocr_par' dir='ltr' id='par_1_3' title="bbox 378 1046 787 1152">
     <span class='ocr_line' id='line_1_9' title="bbox 378 1046 787 1152; baseline -0.012 0"><span class='ocrx_word' id='word_1_46' title='bbox 378 1083 516 1152; x_wconf 73' lang='lat' dir='ltr'>aaa.</span> <span class='ocrx_word' id='word_1_47' title='bbox 550 1046 736 1152; x_wconf 72' lang='lat' dir='ltr'><em>XXVJJ.</em></span> <span class='ocrx_word' id='word_1_48' title='bbox 775 1130 787 1147; x_wconf 43' lang='lat' dir='ltr'><strong><em>s</em></strong></span> 
     </span>
    </p>
   </div>
   <div class='ocr_carea' id='block_1_4' title="bbox 80 1220 1096 3742">
    <p class='ocr_par' dir='ltr' id='par_1_4' title="bbox 80 1220 1096 3742">
     <span class='ocr_line' id='line_1_10' title="bbox 151 1220 1038 1314; baseline -0.002 -25"><span class='ocrx_word' id='word_1_49' title='bbox 151 1220 289 1312; x_wconf 70' lang='lat' dir='ltr'>Quibus</span> <span class='ocrx_word' id='word_1_50' title='bbox 311 1221 415 1291; x_wconf 83' lang='lat' dir='ltr'>rebus</span> <span class='ocrx_word' id='word_1_51' title='bbox 434 1238 598 1314; x_wconf 86' lang='lat' dir='ltr'>permota</span> <span class='ocrx_word' id='word_1_52' title='bbox 617 1229 757 1300; x_wconf 87' lang='lat' dir='ltr'>ciuitas,</span> <span class='ocrx_word' id='word_1_53' title='bbox 784 1239 888 1312; x_wconf 84' lang='lat' dir='ltr'>atque</span> <span class='ocrx_word' id='word_1_54' title='bbox 908 1228 1038 1288; x_wconf 88' lang='lat' dir='ltr'>immu-</span> 
     </span>
     <span class='ocr_line' id='line_1_11' title="bbox 84 1324 1065 1417; baseline -0.002 -23"><span class='ocrx_word' id='word_1_55' title='bbox 84 1342 159 1394; x_wconf 88' lang='lat' dir='ltr'>tata</span> <span class='ocrx_word' id='word_1_56' title='bbox 182 1326 273 1395; x_wconf 82' lang='lat' dir='ltr'>vrbis</span> <span class='ocrx_word' id='word_1_57' title='bbox 296 1327 425 1408; x_wconf 81' lang='lat' dir='ltr'>facies3</span> <span class='ocrx_word' id='word_1_58' title='bbox 467 1352 509 1395; x_wconf 85' lang='lat' dir='ltr'>ex</span> <span class='ocrx_word' id='word_1_59' title='bbox 532 1351 670 1394; x_wconf 87' lang='lat' dir='ltr'>summa</span> <span class='ocrx_word' id='word_1_60' title='bbox 696 1326 829 1393; x_wconf 88' lang='lat' dir='ltr'>laetitia</span> <span class='ocrx_word' id='word_1_61' title='bbox 842 1343 958 1417; x_wconf 83' lang='lat' dir='ltr'>atque</span> <span class='ocrx_word' id='word_1_62' title='bbox 988 1324 1038 1392; x_wconf 91' lang='lat' dir='ltr'>la·</span> <span class='ocrx_word' id='word_1_63' title='bbox 1061 1349 1065 1357; x_wconf 93' lang='lat'>·</span> 
     </span>
     <span class='ocr_line' id='line_1_12' title="bbox 83 1432 1039 1524; baseline -0.001 -26"><span class='ocrx_word' id='word_1_64' title='bbox 83 1438 207 1511; x_wconf 83' lang='lat' dir='ltr'>sciuia,</span> <span class='ocrx_word' id='word_1_65' title='bbox 236 1455 324 1522; x_wconf 87' lang='lat' dir='ltr'>quae</span> <span class='ocrx_word' id='word_1_66' title='bbox 351 1432 518 1499; x_wconf 88' lang='lat' dir='ltr'>diuturna</span> <span class='ocrx_word' id='word_1_67' title='bbox 542 1440 639 1524; x_wconf 88' lang='lat' dir='ltr'>quies</span> <span class='ocrx_word' id='word_1_68' title='bbox 664 1449 866 1523; x_wconf 82' lang='lat' dir='ltr'><strong>pepererat,</strong></span> <span class='ocrx_word' id='word_1_69' title='bbox 893 1446 1039 1522; x_wconf 85' lang='lat' dir='ltr'>repente</span> 
     </span>
     <span class='ocr_line' id='line_1_13' title="bbox 84 1536 1039 1626; baseline -0.002 -22"><span class='ocrx_word' id='word_1_70' title='bbox 84 1544 201 1604; x_wconf 83' lang='lat' dir='ltr'>omnis</span> <span class='ocrx_word' id='word_1_71' title='bbox 229 1542 342 1605; x_wconf 78' lang='lat' dir='ltr'>tristia</span> <span class='ocrx_word' id='word_1_72' title='bbox 366 1543 503 1603; x_wconf 88' lang='lat' dir='ltr'>inuasit.</span> <span class='ocrx_word' id='word_1_73' title='bbox 533 1536 713 1617; x_wconf 86' lang='lat' dir='ltr'>festinare,</span> <span class='ocrx_word' id='word_1_74' title='bbox 744 1536 917 1626; x_wconf 86' lang='lat' dir='ltr'>trepidare</span> <span class='ocrx_word' id='word_1_75' title='bbox 924 1561 934 1614; x_wconf 90' lang='lat'>;</span> <span class='ocrx_word' id='word_1_76' title='bbox 977 1558 1039 1602; x_wconf 86' lang='lat' dir='ltr'>ne·</span> 
     </span>
     <span class='ocr_line' id='line_1_14' title="bbox 84 1640 1036 1734; baseline -0.003 -25"><span class='ocrx_word' id='word_1_77' title='bbox 84 1666 156 1734; x_wconf 84' lang='lat' dir='ltr'>qua</span> <span class='ocrx_word' id='word_1_78' title='bbox 183 1641 279 1722; x_wconf 87' lang='lat' dir='ltr'>loco,</span> <span class='ocrx_word' id='word_1_79' title='bbox 321 1665 387 1710; x_wconf 87' lang='lat' dir='ltr'>nec</span> <span class='ocrx_word' id='word_1_80' title='bbox 414 1642 551 1708; x_wconf 88' lang='lat' dir='ltr'>homini</span> <span class='ocrx_word' id='word_1_81' title='bbox 576 1647 739 1732; x_wconf 78' lang='lat' dir='ltr'>cuiquam</span> <span class='ocrx_word' id='word_1_82' title='bbox 763 1649 845 1708; x_wconf 81' lang='lat' dir='ltr'>satis</span> <span class='ocrx_word' id='word_1_83' title='bbox 876 1640 1036 1720; x_wconf 79' lang='lat' dir='ltr'>creder03</span> 
     </span>
     <span class='ocr_line' id='line_1_15' title="bbox 84 1745 1039 1839; baseline -0.002 -24"><span class='ocrx_word' id='word_1_84' title='bbox 84 1771 202 1839; x_wconf 86' lang='lat' dir='ltr'>neque</span> <span class='ocrx_word' id='word_1_85' title='bbox 221 1745 355 1816; x_wconf 87' lang='lat' dir='ltr'>bellum</span> <span class='ocrx_word' id='word_1_86' title='bbox 372 1771 506 1839; x_wconf 82' lang='lat' dir='ltr'>gerere,</span> <span class='ocrx_word' id='word_1_87' title='bbox 531 1770 645 1838; x_wconf 87' lang='lat' dir='ltr'>neque</span> <span class='ocrx_word' id='word_1_88' title='bbox 660 1771 782 1838; x_wconf 85' lang='lat' dir='ltr'>pacem</span> <span class='ocrx_word' id='word_1_89' title='bbox 803 1745 947 1814; x_wconf 68' lang='lat' dir='ltr'>haberet</span> <span class='ocrx_word' id='word_1_90' title='bbox 974 1768 1039 1813; x_wconf 85' lang='lat' dir='ltr'>suo</span> 
     </span>
     <span class='ocr_line' id='line_1_16' title="bbox 85 1848 1039 1945; baseline -0.004 -26"><span class='ocrx_word' id='word_1_91' title='bbox 85 1852 235 1945; x_wconf 70' lang='lat' dir='ltr'>quiaq&#39;ue</span> <span class='ocrx_word' id='word_1_92' title='bbox 261 1871 360 1920; x_wconf 87' lang='lat' dir='ltr'>metu</span> <span class='ocrx_word' id='word_1_93' title='bbox 384 1849 540 1944; x_wconf 85' lang='lat' dir='ltr'>pericula</span> <span class='ocrx_word' id='word_1_94' title='bbox 562 1856 690 1918; x_wconf 81' lang='lat' dir='ltr'>inetiri.</span> <span class='ocrx_word' id='word_1_95' title='bbox 739 1852 795 1919; x_wconf 88' lang='lat' dir='ltr'>Ad</span> <span class='ocrx_word' id='word_1_96' title='bbox 820 1854 889 1919; x_wconf 89' lang='lat' dir='ltr'>hoc</span> <span class='ocrx_word' id='word_1_97' title='bbox 912 1848 1039 1918; x_wconf 88' lang='lat' dir='ltr'>mulie·</span> 
     </span>
     <span class='ocr_line' id='line_1_17' title="bbox 84 1953 1039 2050; baseline -0.005 -24"><span class='ocrx_word' id='word_1_98' title='bbox 84 1982 154 2038; x_wconf 80' lang='lat' dir='ltr'>res,</span> <span class='ocrx_word' id='word_1_99' title='bbox 184 1958 326 2049; x_wconf 87' lang='lat' dir='ltr'>quibus,</span> <span class='ocrx_word' id='word_1_100' title='bbox 355 1981 421 2050; x_wconf 91' lang='lat' dir='ltr'>pro</span> <span class='ocrx_word' id='word_1_101' title='bbox 435 1956 650 2048; x_wconf 87' lang='lat' dir='ltr'>reipublicae</span> <span class='ocrx_word' id='word_1_102' title='bbox 664 1957 925 2048; x_wconf 76' lang='lat' dir='ltr'>magnitudine,</span> <span class='ocrx_word' id='word_1_103' title='bbox 953 1953 1039 2024; x_wconf 88' lang='lat' dir='ltr'>belli</span> 
     </span>
     <span class='ocr_line' id='line_1_18' title="bbox 85 2060 1056 2155; baseline -0.001 -26"><span class='ocrx_word' id='word_1_104' title='bbox 85 2071 196 2130; x_wconf 86' lang='lat' dir='ltr'>timor</span> <span class='ocrx_word' id='word_1_105' title='bbox 211 2062 390 2155; x_wconf 77' lang='lat' dir='ltr'>insolitus,</span> <span class='ocrx_word' id='word_1_106' title='bbox 417 2061 596 2130; x_wconf 82' lang='lat' dir='ltr'>adflictare</span> <span class='ocrx_word' id='word_1_107' title='bbox 610 2086 694 2141; x_wconf 89' lang='lat' dir='ltr'>sese,</span> <span class='ocrx_word' id='word_1_108' title='bbox 724 2082 846 2130; x_wconf 77' lang='lat' dir='ltr'>manua</span> <span class='ocrx_word' id='word_1_109' title='bbox 863 2060 1056 2152; x_wconf 65' lang='lat' dir='ltr'>supplicet</span> 
     </span>
     <span class='ocr_line' id='line_1_19' title="bbox 85 2152 1076 2257; baseline -0.001 -22"><span class='ocrx_word' id='word_1_110' title='bbox 85 2169 131 2235; x_wconf 91' lang='lat' dir='ltr'>ad</span> <span class='ocrx_word' id='word_1_111' title='bbox 168 2166 308 2236; x_wconf 83' lang='lat' dir='ltr'>coelum</span> <span class='ocrx_word' id='word_1_112' title='bbox 346 2166 490 2247; x_wconf 82' lang='lat' dir='ltr'>tollere3</span> <span class='ocrx_word' id='word_1_113' title='bbox 531 2173 690 2233; x_wconf 87' lang='lat' dir='ltr'>miserari</span> <span class='ocrx_word' id='word_1_114' title='bbox 724 2190 852 2257; x_wconf 87' lang='lat' dir='ltr'>paruos</span> <span class='ocrx_word' id='word_1_115' title='bbox 892 2166 1036 2246; x_wconf 82' lang='lat' dir='ltr'>liberos;</span> <span class='ocrx_word' id='word_1_116' title='bbox 1073 2152 1076 2156; x_wconf 32' lang='lat'>⁵</span> 
     </span>
     <span class='ocr_line' id='line_1_20' title="bbox 85 2271 1038 2364; baseline -0.004 -24"><span class='ocrx_word' id='word_1_117' title='bbox 85 2279 258 2364; x_wconf 74' lang='lat' dir='ltr'>rogitare,</span> <span class='ocrx_word' id='word_1_118' title='bbox 287 2279 406 2339; x_wconf 88' lang='lat' dir='ltr'>omnia</span> <span class='ocrx_word' id='word_1_119' title='bbox 429 2295 559 2363; x_wconf 88' lang='lat' dir='ltr'>pauere</span> <span class='ocrx_word' id='word_1_120' title='bbox 565 2297 576 2351; x_wconf 83' lang='lat'>3</span> <span class='ocrx_word' id='word_1_121' title='bbox 607 2271 886 2362; x_wconf 82' lang='lat' dir='ltr'>superbiaatque</span> <span class='ocrx_word' id='word_1_122' title='bbox 903 2271 1038 2338; x_wconf 76' lang='lat' dir='ltr'>deliciis</span> 
     </span>
     <span class='ocr_line' id='line_1_21' title="bbox 84 2374 1039 2469; baseline -0.003 -25"><span class='ocrx_word' id='word_1_123' title='bbox 84 2386 253 2459; x_wconf 75' lang='lat' dir='ltr'>omissis,</span> <span class='ocrx_word' id='word_1_124' title='bbox 268 2376 335 2446; x_wconf 84' lang='lat' dir='ltr'>sibi</span> <span class='ocrx_word' id='word_1_125' title='bbox 359 2384 561 2469; x_wconf 83' lang='lat' dir='ltr'>patriaeque</span> <span class='ocrx_word' id='word_1_126' title='bbox 582 2375 750 2445; x_wconf 82' lang='lat' dir='ltr'>diffidere.</span> <span class='ocrx_word' id='word_1_127' title='bbox 799 2376 849 2443; x_wconf 82' lang='lat' dir='ltr'>At</span> <span class='ocrx_word' id='word_1_128' title='bbox 867 2374 1039 2443; x_wconf 83' lang='lat' dir='ltr'>Catilinae</span> 
     </span>
     <span class='ocr_line' id='line_1_22' title="bbox 87 2481 1038 2553; baseline -0.008 0"><span class='ocrx_word' id='word_1_129' title='bbox 87 2483 239 2553; x_wconf 86' lang='lat' dir='ltr'>crudelis</span> <span class='ocrx_word' id='word_1_130' title='bbox 279 2490 416 2552; x_wconf 84' lang='lat' dir='ltr'>animus</span> <span class='ocrx_word' id='word_1_131' title='bbox 450 2481 573 2549; x_wconf 90' lang='lat' dir='ltr'>eadem</span> <span class='ocrx_word' id='word_1_132' title='bbox 610 2481 672 2550; x_wconf 89' lang='lat' dir='ltr'>illa</span> <span class='ocrx_word' id='word_1_133' title='bbox 716 2482 901 2549; x_wconf 84' lang='lat' dir='ltr'>mouebat:</span> <span class='ocrx_word' id='word_1_134' title='bbox 928 2496 1038 2546; x_wconf 48' lang='lat' dir='ltr'>*tam-</span> 
     </span>
     <span class='ocr_line' id='line_1_23' title="bbox 87 2585 1039 2680; baseline -0.005 -23"><span class='ocrx_word' id='word_1_135' title='bbox 87 2596 154 2657; x_wconf 84' lang='lat' dir='ltr'>etsi</span> <span class='ocrx_word' id='word_1_136' title='bbox 178 2587 349 2680; x_wconf 88' lang='lat' dir='ltr'>praesidia</span> <span class='ocrx_word' id='word_1_137' title='bbox 378 2586 603 2680; x_wconf 81' lang='lat' dir='ltr'>parabantur3</span> <span class='ocrx_word' id='word_1_138' title='bbox 643 2605 680 2656; x_wconf 88' lang='lat' dir='ltr'>et</span> <span class='ocrx_word' id='word_1_139' title='bbox 706 2593 780 2680; x_wconf 88' lang='lat' dir='ltr'>ipse</span> <span class='ocrx_word' id='word_1_140' title='bbox 805 2587 882 2678; x_wconf 85' lang='lat' dir='ltr'>lege</span> <span class='ocrx_word' id='word_1_141' title='bbox 905 2585 1039 2653; x_wconf 85' lang='lat' dir='ltr'>Plautia</span> 
     </span>
     <span class='ocr_line' id='line_1_24' title="bbox 87 2692 1039 2784; baseline -0.003 -23"><span class='ocrx_word' id='word_1_142' title='bbox 87 2702 321 2784; x_wconf 81' lang='lat' dir='ltr'>interrogatus</span> <span class='ocrx_word' id='word_1_143' title='bbox 348 2694 390 2760; x_wconf 91' lang='lat' dir='ltr'>ab</span> <span class='ocrx_word' id='word_1_144' title='bbox 416 2695 456 2758; x_wconf 76' lang='lat' dir='ltr'>L,</span> <span class='ocrx_word' id='word_1_145' title='bbox 487 2692 619 2760; x_wconf 88' lang='lat' dir='ltr'><strong>Paullo.</strong></span> <span class='ocrx_word' id='word_1_146' title='bbox 671 2695 853 2761; x_wconf 89' lang='lat' dir='ltr'>Postremo</span> <span class='ocrx_word' id='word_1_147' title='bbox 877 2692 1039 2760; x_wconf 87' lang='lat' dir='ltr'>dissimu-</span> 
     </span>
     <span class='ocr_line' id='line_1_25' title="bbox 83 2798 1039 2890; baseline -0.002 -23"><span class='ocrx_word' id='word_1_148' title='bbox 83 2798 183 2867; x_wconf 89' lang='lat' dir='ltr'>landi</span> <span class='ocrx_word' id='word_1_149' title='bbox 197 2823 326 2879; x_wconf 83' lang='lat' dir='ltr'><strong>caussa,</strong></span> <span class='ocrx_word' id='word_1_150' title='bbox 354 2815 459 2890; x_wconf 87' lang='lat' dir='ltr'>atque</span> <span class='ocrx_word' id='word_1_151' title='bbox 476 2804 531 2864; x_wconf 80' lang='lat' dir='ltr'>aui</span> <span class='ocrx_word' id='word_1_152' title='bbox 552 2798 783 2889; x_wconf 80' lang='lat' dir='ltr'>expurgandi,</span> <span class='ocrx_word' id='word_1_153' title='bbox 803 2806 908 2866; x_wconf 83' lang='lat' dir='ltr'>sicuti</span> <span class='ocrx_word' id='word_1_154' title='bbox 924 2804 1039 2890; x_wconf 82' lang='lat' dir='ltr'>iurgio</span> 
     </span>
     <span class='ocr_line' id='line_1_26' title="bbox 86 2903 1033 2983; baseline -0.003 -11"><span class='ocrx_word' id='word_1_155' title='bbox 86 2903 265 2974; x_wconf 80' lang='lat' dir='ltr'>lacessitus</span> <span class='ocrx_word' id='word_1_156' title='bbox 290 2905 398 2983; x_wconf 84' lang='lat' dir='ltr'>foret,</span> <span class='ocrx_word' id='word_1_157' title='bbox 427 2911 465 2969; x_wconf 91' lang='lat' dir='ltr'>in</span> <span class='ocrx_word' id='word_1_158' title='bbox 492 2904 661 2970; x_wconf 86' lang='lat' dir='ltr'>Senatum</span> <span class='ocrx_word' id='word_1_159' title='bbox 686 2910 791 2971; x_wconf 87' lang='lat' dir='ltr'>venit.</span> <span class='ocrx_word' id='word_1_160' title='bbox 855 2906 952 2972; x_wconf 87' lang='lat' dir='ltr'>Tum</span> <span class='ocrx_word' id='word_1_161' title='bbox 982 2906 1033 2971; x_wconf 91' lang='lat' dir='ltr'>M.</span> 
     </span>
     <span class='ocr_line' id='line_1_27' title="bbox 87 3007 1036 3099; baseline 0 -23"><span class='ocrx_word' id='word_1_162' title='bbox 87 3009 230 3099; x_wconf 78' lang='lat' dir='ltr'>Tullius</span> <span class='ocrx_word' id='word_1_163' title='bbox 257 3007 407 3089; x_wconf 90' lang='lat' dir='ltr'>Consul,</span> <span class='ocrx_word' id='word_1_164' title='bbox 435 3014 511 3076; x_wconf 88' lang='lat' dir='ltr'>siue</span> <span class='ocrx_word' id='word_1_165' title='bbox 536 3017 770 3099; x_wconf 85' lang='lat' dir='ltr'>praesentiam</span> <span class='ocrx_word' id='word_1_166' title='bbox 795 3017 870 3077; x_wconf 88' lang='lat' dir='ltr'>eius</span> <span class='ocrx_word' id='word_1_167' title='bbox 896 3017 1036 3089; x_wconf 75' lang='lat' dir='ltr'>timent,</span> 
     </span>
     <span class='ocr_line' id='line_1_28' title="bbox 86 3112 1038 3193; baseline -0.005 -11"><span class='ocrx_word' id='word_1_168' title='bbox 86 3140 151 3182; x_wconf 77' lang='lat' dir='ltr'>seu</span> <span class='ocrx_word' id='word_1_169' title='bbox 165 3123 217 3183; x_wconf 88' lang='lat' dir='ltr'>ira</span> <span class='ocrx_word' id='word_1_170' title='bbox 236 3131 446 3193; x_wconf 89' lang='lat' dir='ltr'>commotus,</span> <span class='ocrx_word' id='word_1_171' title='bbox 462 3121 658 3181; x_wconf 89' lang='lat' dir='ltr'>orationem</span> <span class='ocrx_word' id='word_1_172' title='bbox 677 3114 800 3181; x_wconf 88' lang='lat' dir='ltr'>habuit</span> <span class='ocrx_word' id='word_1_173' title='bbox 821 3112 1038 3181; x_wconf 82' lang='lat' dir='ltr'>luculentam</span> 
     </span>
     <span class='ocr_line' id='line_1_29' title="bbox 86 3218 1038 3315; baseline -0.005 -29"><span class='ocrx_word' id='word_1_174' title='bbox 86 3237 193 3310; x_wconf 88' lang='lat' dir='ltr'>atque</span> <span class='ocrx_word' id='word_1_175' title='bbox 211 3218 334 3315; x_wconf 80' lang='lat' dir='ltr'>vtilem</span> <span class='ocrx_word' id='word_1_176' title='bbox 351 3218 580 3310; x_wconf 84' lang='lat' dir='ltr'>reipublicae:</span> <span class='ocrx_word' id='word_1_177' title='bbox 608 3243 713 3310; x_wconf 85' lang='lat' dir='ltr'>quam</span> <span class='ocrx_word' id='word_1_178' title='bbox 731 3237 852 3310; x_wconf 89' lang='lat' dir='ltr'>postea</span> <span class='ocrx_word' id='word_1_179' title='bbox 871 3225 1038 3308; x_wconf 80' lang='lat' dir='ltr'>scriptam</span> 
     </span>
     <span class='ocr_line' id='line_1_30' title="bbox 80 3324 1096 3406; baseline 0.001 -18"><span class='ocrx_word' id='word_1_180' title='bbox 80 3325 207 3394; x_wconf 71' lang='lat' dir='ltr'>‚edidit</span> <span class='ocrx_word' id='word_1_181' title='bbox 257 3325 338 3405; x_wconf 87' lang='lat' dir='ltr'>Sed,</span> <span class='ocrx_word' id='word_1_182' title='bbox 367 3325 425 3394; x_wconf 87' lang='lat' dir='ltr'>vbi</span> <span class='ocrx_word' id='word_1_183' title='bbox 447 3324 509 3394; x_wconf 87' lang='lat' dir='ltr'>ille</span> <span class='ocrx_word' id='word_1_184' title='bbox 534 3325 680 3406; x_wconf 87' lang='lat' dir='ltr'>adsedit,</span> <span class='ocrx_word' id='word_1_185' title='bbox 706 3324 869 3404; x_wconf 86' lang='lat' dir='ltr'>Catilina,</span> <span class='ocrx_word' id='word_1_186' title='bbox 900 3338 938 3389; x_wconf 76' lang='lat' dir='ltr'>vt</span> <span class='ocrx_word' id='word_1_187' title='bbox 964 3337 1039 3389; x_wconf 90' lang='lat' dir='ltr'>erat</span> <span class='ocrx_word' id='word_1_188' title='bbox 1093 3398 1096 3402; x_wconf 11' lang='grc' dir='ltr'><strong>Α</strong></span> 
     </span>
     <span class='ocr_line' id='line_1_31' title="bbox 85 3426 1035 3524; baseline -0.005 -25"><span class='ocrx_word' id='word_1_189' title='bbox 85 3446 228 3524; x_wconf 85' lang='lat' dir='ltr'>paratus</span> <span class='ocrx_word' id='word_1_190' title='bbox 246 3431 291 3498; x_wconf 87' lang='lat' dir='ltr'>ad</span> <span class='ocrx_word' id='word_1_191' title='bbox 315 3430 564 3499; x_wconf 85' lang='lat' dir='ltr'>dissimulanda</span> <span class='ocrx_word' id='word_1_192' title='bbox 587 3437 724 3510; x_wconf 84' lang='lat' dir='ltr'>omnia,</span> <span class='ocrx_word' id='word_1_193' title='bbox 752 3429 901 3497; x_wconf 79' lang='lat' dir='ltr'>demisso</span> <span class='ocrx_word' id='word_1_194' title='bbox 925 3426 1035 3510; x_wconf 82' lang='lat' dir='ltr'>voltu,</span> 
     </span>
     <span class='ocr_line' id='line_1_32' title="bbox 85 3535 1040 3629; baseline -0.009 -22"><span class='ocrx_word' id='word_1_195' title='bbox 85 3560 172 3607; x_wconf 82' lang='lat' dir='ltr'>voce</span> <span class='ocrx_word' id='word_1_196' title='bbox 198 3535 348 3629; x_wconf 76' lang='lat' dir='ltr'>supplici</span> <span class='ocrx_word' id='word_1_197' title='bbox 374 3536 568 3628; x_wconf 73' lang='lat' dir='ltr'>postularet</span> <span class='ocrx_word' id='word_1_198' title='bbox 622 3539 745 3604; x_wconf 78' lang='lat' dir='ltr'>Patres</span> <span class='ocrx_word' id='word_1_199' title='bbox 778 3537 969 3625; x_wconf 70' lang='lat' dir='ltr'>contempti</span> <span class='ocrx_word' id='word_1_200' title='bbox 996 3556 1040 3598; x_wconf 80' lang='lat' dir='ltr'>ne</span> 
     </span>
     <span class='ocr_line' id='line_1_33' title="bbox 86 3634 1043 3742; baseline -0.005 -32"><span class='ocrx_word' id='word_1_201' title='bbox 86 3646 176 3734; x_wconf 79' lang='lat' dir='ltr'>qnid</span> <span class='ocrx_word' id='word_1_202' title='bbox 198 3645 445 3713; x_wconf 72' lang='lat' dir='ltr'>descernere</span> <span class='ocrx_word' id='word_1_203' title='bbox 469 3645 648 3714; x_wconf 77' lang='lat' dir='ltr'>eraderent.</span> <span class='ocrx_word' id='word_1_204' title='bbox 682 3664 725 3710; x_wconf 81' lang='lat' dir='ltr'>aa</span> <span class='ocrx_word' id='word_1_205' title='bbox 741 3634 1043 3742; x_wconf 60' lang='lat' dir='ltr'>familiaritati,</span> 
     </span>
    </p>
   </div>
   <div class='ocr_carea' id='block_1_5' title="bbox 0 0 1134 3998">
    <p class='ocr_par' dir='ltr' id='par_1_5' title="bbox 0 0 1134 3998">
     <span class='ocr_line' id='line_1_34' title="bbox 0 0 1134 3998; baseline 0 0"><span class='ocrx_word' id='word_1_206' title='bbox 0 0 1134 3998; x_wconf 95' lang='lat' dir='ltr'> </span> 
     </span>
    </p>
   </div>
  </div>
 </body>
</html>
