2258 3998
103 99 167 169 na
247 104 250 109 '
415 93 732 177 tantvm
779 148 826 160 ..

102 260 204 338 cisos,
239 261 339 347 regni
363 282 443 349 opes
471 264 700 325 comminutos
726 282 814 339 esse,·
853 263 937 326 satis
958 281 1058 351 saepe

101 368 173 428 iam
190 382 224 428 ec
238 369 400 430 virtutem
423 367 586 446 militum,
612 384 650 432 et
658 365 848 459 fhrtunam
868 382 1059 432 tentamm:

102 488 247 549 caueret,
278 492 333 549 ne,
359 471 421 562 iilo
440 490 633 553 remeante,
660 472 841 541 Numidae
859 473 927 537 sibi
942 490 1062 537 consu-¹

103 576 188 640 lanc.
237 576 303 642 His
321 590 427 666 atque
441 574 568 643 talibus
581 573 658 644 aliis
672 576 716 642 ud
730 560 948 643 deditionem
966 582 1061 667 regit

99 686 260 747 animum
273 679 434 770 impellit.
463 674 668 750 Mittuntur
680 681 724 748 ud
737 687 989 772 imperatorem
1010 680 1060 748 le-

101 792 190 876 gati:
220 787 432 873 Iugurtham
446 789 799 879 imperatafocturum
806 835 817 868 ,
836 810 879 854 ac
894 792 969 854 sine
982 790 1064 853 vlla

99 896 261 982 pactione
272 916 342 957 sese
355 917 566 986 regnumque
581 918 683 960 suum
703 899 743 959 in
761 896 859 959 itlius
866 894 980 982 fidem
990 912 1063 959 tra·

104 999 190 1063 dere.
239 997 405 1065 Metellus
425 1021 575 1090 propere
600 1015 744 1067 cunctos
768 1000 944 1066 Senatorii
969 998 1065 1065 ordi·

104 1109 158 1170 nis
180 1127 220 1168 ex
233 1103 384 1170 hibernis
399 1112 555 1172 arcessiri
569 1105 668 1172 iubet
676 1131 686 1186 3
711 1106 843 1171 eorum'
852 1121 962 1195 atque
977 1102 1065 1170 alio·

104 1232 204 1287 rum,
238 1233 327 1300 quos
352 1211 497 1277 idoneos
532 1211 697 1290 ducebat,
732 1209 919 1285 consilium
944 1210 1059 1277 habet·

105 1317 160 1381 lta
185 1324 286 1381 more
307 1324 506 1397 maiorum,
548 1340 589 1384 ex
616 1314 755 1384 consilii
787 1313 953 1394 decreto,
999 1335 1068 1407 per

105 1418 237 1511 legatos
266 1423 454 1512 Iugurthae
482 1429 652 1514 imperat,
687 1427 822 1512 argenti
853 1421 972 1517 pondo
1000 1421 1066 1488 du·

106 1543 209 1592 centa
228 1526 350 1609 millia,
378 1527 581 1621 elephantos
604 1533 737 1607 omnis,
761 1548 934 1616 equorum
957 1542 1069 1595 etat«

106 1655 247 1698 morum
267 1632 495 1724 aliquantum.
545 1636 645 1721 Quae
663 1648 850 1723 postquam
873 1637 950 1699 sinc
968 1654 1070 1699 mora

106 1737 199 1803 facta
219 1756 312 1819 sunt,
342 1740 441 1805 iubet
460 1745 574 1807 omnis
591 1738 751 1828 perfugas
772 1744 908 1804 vinctos
923 1734 1062 1803 adduci.

109 1865 387 1935 eorum1magna
417 1866 514 1934 pars,
546 1858 584 1908 vt
609 1849 744 1908 iussum
771 1857 864 1925 erat,
900 1840 1067 1921 adducti3
1095 1840 1098 1847 ’

107 1954 224 2038 pauci,
259 1972 341 2015 cum
365 1955 522 2040 primum
537 1942 681 2014 deditio
713 1954 843 2038 coepit,
876 1946 920 2013 ad
934 1968 1071 2038 regem·

108 2053 287 2119 Bocchum
315 2061 353 2120 in
378 2055 636 2121 Mauretaniam
653 2052 826 2119 abierant.
875 2050 987 2145 Igitur
1008 2054 1068 2119 Iu-

108 2160 248 2246 gurtha,
278 2159 338 2227 vbi
358 2167 462 2226 armis
484 2165 636 2250 virisque
656 2174 694 2224 et
712 2163 864 2249 pecunia
883 2155 1072 2249 spoliatus,

110 2271 293 2356 cumipse
320 2265 363 2331 ad
392 2263 637 2356 imperandum
666 2264 845 2330 Tisidium
862 2280 1069 2344 ¹vocaretur,

107 2392 229 2436 rursus
244 2378 362 2462 coepit
378 2371 520 2438 flectere
535 2376 694 2437 animum
712 2392 833 2448 suum,
863 2384 962 2436 etex
978 2368 1070 2436 mala

76 2488 79 2493 '
110 2483 325 2543 couscientia
350 2476 456 2567 digna
478 2483 616 2542 timere.
664 2475 829 2565 Denique
849 2473 971 2541 multis
994 2474 1070 2541 die·

110 2579 175 2646 bus
209 2604 273 2671 per
308 2581 566 2648 dubitationem
594 2586 808 2661 consumtis,
853 2603 936 2646 cum
963 2580 1070 2646 modo

112 2686 228 2751 taedio
258 2710 377 2753 rerum
403 2687 632 2754 aduersarum
659 2692 776 2752 omnia
804 2683 899 2754 bello
930 2692 1074 2776 potiora

111 2791 258 2859 duceret
266 2818 276 2872 ;
309 2792 488 2859 interdum
511 2815 631 2859 secum
651 2799 726 2883 ipse
747 2807 938 2882 reputaret,
964 2814 1072 2882 quam

44 2900 46 2904 ⁴
112 2903 229 2986 grauis
257 2922 353 2964 casus
380 2905 418 2965 in
437 2905 623 2966 seruitium
650 2919 691 2963 ex
709 2919 817 2989 regno
841 2896 943 2963 foret.
977 2893 1071 2963 mul-

112 3009 158 3068 tis
196 3010 399 3095 magnisque
438 3002 618 3094 praesidiis
650 3000 887 3094 nequidquam
902 3038 904 3043 ·
922 3000 1071 3092 perditis

113 3108 158 3174 de
188 3116 326 3200 integro
354 3108 486 3177 bellum
512 3111 629 3176 sumit.
689 3109 821 3175 Romae
850 3108 998 3174 Senatus
1027 3104 1073 3171 de

115 3220 308 3304 prouinciis
336 3213 516 3282 consultus
539 3212 747 3285 Numidiam
773 3209 932 3284 Metello,
949 3210 1072 3279 decre·

114 3338 221 3388 verat.

363 3464 372 3474 s
443 3425 576 3497 cAP.
614 3425 736 3493 arx.
845 3396 870 3483 .’
941 3395 951 3423 ‘

135 3586 138 3594 .
180 3531 246 3598 Per
262 3533 356 3601 idem
378 3548 519 3624 tempus
537 3531 664 3601 Vticae
688 3530 780 3598 forte
808 3528 847 3596 C.
873 3527 992 3595 Mario
1008 3550 1075 3618 per

116 3630 244 3706 hostias
267 3638 321 3708 dia
346 3638 581 3732 supplicante,
614 3659 745 3726 magna
765 3654 870 3728 aeque
894 3636 1073 3727 mirabilia
