2258 3998
122 116 156 202 4²
188 130 216 167 u
391 110 807 200 courvasrro
859 151 864 169 .

124 278 254 337 rimum
272 275 452 360 ingenium
476 292 586 360 posse.
647 269 751 357 Quod
772 276 802 335 si
829 291 951 359 regum
966 283 1078 358 atque

31 423 34 427 -
125 384 378 467 imperatorum
406 381 515 440 animi
547 380 656 441 virtus
687 381 724 440 in
748 381 927 465 pace'ita,
964 380 1015 439 vti
1040 379 1077 438 in

125 481 229 559 belle,
254 480 397 559 valeret,
422 477 635 569 aequabilius
651 496 756 570 atque
777 485 989 547 constantius
1004 501 1077 543 sese

125 611 178 652 res
202 588 373 652 humanae
399 584 583 664 haberent3
620 608 734 675 neque
759 584 853 664 aliud
885 583 954 649 alio
978 585 1075 660 ferri,

125 716 239 782 neque
261 698 390 757 mutari
412 714 452 756 ac
473 697 611 756 misceri
640 698 757 756 omnia
782 713 950 757 cerneres.
984 689 1077 754 Nam

125 805 316 887 imperium
342 795 445 862 facile
475 795 528 860 his
556 795 687 861 artibus
718 786 909 874 retinetur,
951 793 1077 884 quibus

125 909 228 968 initio
253 919 395 992 partum
418 918 479 967 est.
529 903 665 970 Verum
691 902 746 968 vbi
774 926 839 992 pro
857 900 975 967 labore
993 900 1078 965 desi·

124 1009 199 1088 dia,
231 1030 296 1098 pro
324 1013 542 1075 continentia
566 1024 603 1073 et
624 1013 798 1098 aequitate
825 1006 945 1081 lubido
973 1003 1078 1094 atque

125 1113 288 1204 superbia
314 1120 474 1178 inuasere
482 1138 491 1192 3
528 1113 669 1179 fortuna
689 1112 794 1179 simul
814 1137 896 1178 cum
921 1110 1077 1177 moribus

116 1215 340 1284 immutatur.
383 1225 432 1284 ita
453 1225 643 1309 imperium
666 1241 805 1309 semper
828 1219 870 1285 ad
889 1234 1076 1307 optumum

118 1347 300 1414 :quemquo
327 1348 347 1390 a
373 1330 490 1390 minus
513 1324 608 1390 bono
633 1325 850 1415 transfertur.
901 1327 999 1411 Quae
1020 1322 1077 1385 ho·

124 1435 236 1495 mines
251 1447 362 1519 arant,
388 1437 566 1520 nauigauit,
590 1428 793 1509 aedificant,
819 1435 942 1497 virtuti
960 1434 1077 1494 omnia

118 1549 259 1625 ‘parents
283 1622 286 1627 Ι
308 1534 378 1600 Sed
399 1533 502 1602 multi
521 1533 685 1600 mortales
708 1535 818 1600 dediti
840 1541 953 1602 ventri
972 1550 1077 1622 atque

118 1656 265 1718 somno,
290 1638 423 1705 indocti
442 1638 638 1728 incultique
655 1647 779 1716 vitam,
805 1646 909 1704 sicuti
930 1643 1077 1726 peregri-

125 1760 259 1821 nantes,
285 1758 507 1832 transegere3
532 1743 670 1832 quibus,
695 1743 854 1833 profecto
875 1758 998 1808 contra
1022 1765 1077 1805 na·

116 1865 252 1926 turam,
278 1869 402 1936 corpus
422 1847 613 1938 ¹voluptati,
638 1855 753 1914 anima
782 1854 883 1914 oneri'
906 1847 983 1912 fuit.
1023 1869 1075 1911 eo-

124 1977 205 2018 rum
222 1974 287 2042 ego
304 1958 411 2019 vitam
437 1969 656 2044 mortemque
681 1961 968 2032 iuxta'aestumo,
995 1975 1075 2042 quo-

125 2065 220 2125 niam
237 2057 282 2122 de
306 2073 452 2147 utraque
474 2054 606 2124 siletur.
655 2061 791 2126 Verum
819 2065 914 2124 enim
936 2082 1018 2124 vero
1046 2065 1075 2122 is

125 2163 267 2228 demum
281 2162 369 2226 mihi
384 2169 502 2229 viuere
516 2179 619 2254 atque
633 2163 703 2230 Frui
718 2172 834 2231 anima
846 2164 996 2244 videtur,
1014 2170 1074 2254 qui

123 2265 242 2358 aliquo
259 2275 401 2358 negotio
419 2275 589 2349 intentus,
624 2269 792 2360 praeclari
809 2271 988 2350 facinoris,
1012 2285 1075 2334 aut

125 2381 206 2439 artis
221 2373 331 2439 bonae
347 2373 476 2439 famam
491 2381 636 2464 quaerit.
686 2376 754 2441 Sed
777 2383 815 2441 in
833 2400 955 2466 magna
974 2383 1074 2466 copia

123 2501 243 2544 rerum
258 2476 353 2544 aliud
370 2478 431 2544 alii
447 2496 571 2546 natura
588 2486 657 2546 iter
675 2480 836 2547 ostendit.

190 2583 380 2650 Pulchrum
392 2581 454 2650 ‘est
473 2583 562 2650 bene
580 2584 691 2651 facere
706 2585 938 2676 reipublicae:
967 2592 1074 2652 etiam

126 2689 214 2754 beno
240 2688 355 2754 dicere
381 2690 474 2754 haud
501 2690 689 2756 absurdum
715 2709 786 2768 est;
819 2690 874 2757 vel
898 2716 994 2783 pace,
1018 2693 1073 2758 vel

125 2791 217 2859 bello
230 2793 362 2860 clarum
376 2794 458 2860 fieri·
467 2794 569 2862 licet:
598 2813 634 2861 et
647 2803 707 2886 qui
719 2797 843 2876 fecere,
859 2813 895 2862 et
909 2806 969 2888 qui
983 2798 1073 2864 facta

124 2897 273 2994 aliorum
290 2906 470 2990 scripsere,
485 2900 589 2967 mul-ti
603 2899 798 2992 lpudantur.
826 2902 878 2967 Ac
892 2904 980 2968 mihi
1002 2912 1074 2993 qui-

124 3003 217 3081 dem,
256 3012 395 3071 tametsi
420 3006 686 3096 haudquaquam
719 3031 782 3096 par
811 3005 922 3099 gloria
956 3032 1092 3097 sequa.

124 3127 183 3174 tur
199 3095 405 3200 scriptor'em
420 3126 455 3177 et
469 3128 648 3178 auctorem
665 3135 800 3192 rerum;
825 3121 992 3180 tamenin
1005 3121 1072 3213 pri-

124 3220 191 3281 mis
204 3213 352 3279 arduum
370 3215 508 3282 videtur
522 3241 576 3284 res
594 3233 703 3308 gestas
722 3213 887 3284 scribere:
915 3227 1073 3309 primum

125 3318 218 3407 quod
236 3319 326 3386 facta
348 3319 449 3387 dictis
464 3340 546 3388 sunt
560 3324 778 3413 exaequanda
792 3324 808 3403 ;'
825 3325 963 3404 dehinc,
990 3333 1072 3416 quia

124 3421 294 3514 plerique,
319 3449 407 3516 quae
421 3426 548 3494 delicta
564 3428 840 3519 reprehenderis,
871 3429 1072 3498 maliuolen·

126 3533 173 3592 tia
194 3545 231 3592 et
260 3530 393 3597 inuidia
410 3549 549 3622 putant:
576 3534 634 3626 qbi
658 3535 703 3601 de
730 3558 854 3626 magna
878 3544 1008 3604 virtute
1035 3554 1072 3603 et

124 3630 234 3723 gloria
256 3634 428 3705 bonorum
453 3662 637 3721 memores,
651 3632 752 3732 vquae
776 3641 843 3711 sibi
858 3630 1014 3736 quisque
1027 3643 1071 3710 fa·
