2258 3998
123 114 170 187 ou
361 158 366 167 .
448 106 809 221 nttLLvM.

123 265 309 346 cumaedit,
324 269 433 333 vineis
448 264 672 357 turribusque
685 283 721 334 et
735 268 904 335 machinis
918 276 1082 337 omnium

123 396 293 465 generum
316 394 513 463 expugnare
539 370 765 462 adgreditur;
793 398 955 442 maxume
971 375 1082 441 ¹festi-

35 501 39 506 ·
125 503 210 548 nans
237 494 377 568 tempus
399 476 594 567 legatorum
615 495 836 570 antecapere,
865 504 964 571 quos,
998 497 1082 548 ante

125 584 297 678 praelium
312 583 465 662 factum,
494 583 643 650 Romam
660 582 858 652 Adherbale
876 593 999 653 missos
1020 611 1080 651 au-

125 693 272 760 diuerat.
322 688 391 781 Sed
405 705 591 780 postquam
611 691 757 756 Senatus
779 690 822 758 de
847 691 941 758 bello
955 715 1081 758 eorum

125 802 271 890 accepit,
291 802 379 879 (tres
395 794 649 878 adolescentes)
678 802 719 887 in
734 796 890 875 Africam
904 796 1078 888 legantur,

126 911 188 996 qui
214 902 318 970 ambo
344 922 442 991 reges
467 899 603 980 adeant,
633 902 780 967 Senatus
798 902 1081 1013 populiqua'Ro-

125 1016 222 1079 mani
247 1007 359 1078 verbis
387 1013 571 1072 nuncient:
610 1007 652 1072 V
645 1009 709 1072 elle
733 1027 928 1089 accensere,
957 1033 1013 1085 eos
1035 1011 1081 1073 ab

125 1120 233 1183 amir
259 1115 451 1190 discedam
490 1113 532 1177 de
559 1119 798 1179 controuersiis·
821 1119 893 1179 suis
924 1120 998 1181 iure
1023 1139 1083 1205 po-

127 1227 213 1303 tius,
241 1243 349 1312 quam
377 1221 463 1289 bello
492 1218 699 1309 disceptare.-
739 1223 795 1284 ita'
812 1240 916 1311 seque
942 1223 1082 1312 illisque

126 1329 273 1416 dignum
290 1325 381 1417 fhre.
960 1354 964 1369 =

428 1502 504 1570 ΟΛ
518 1505 560 1570 Ρ.
595 1446 770 1570 -XVIHl

139 1692 142 1697 -
193 1645 316 1736 Legati
344 1650 382 1709 in
410 1644 569 1710 Africam.
593 1659 811 1711 maturantes
842 1647 1004 1722 veniunt,
1037 1665 1081 1709 eo

126 1755 248 1839 magis,
276 1748 371 1839 quod
392 1749 540 1826 Romae,
569 1744 655 1812 dum
675 1747 848 1837 proficisci
869 1765 1005 1840 parant,
1028 1749 1082 1819 ‚de

126 1853 259 1947 praelio
294 1853 387 1920 facto
421 1869 458 1919 et
487 1858 746 1945 oppugnatione
774 1854 893 1923 Cirtae
919 1853 1082 1920 audieba-

126 1977 195 2027 tur.
230 1958 291 2027 sed
317 1967 345 2025 is
367 1981 490 2033 rumor
507 1958 663 2026 clemens
687 1977 771 2025 erat.
835 1963 996 2049 Quorum
1023 1963 1094 2039 Iu-¹

126 2066 254 2158 gurtha
278 2081 420 2156 accepta
443 2061 605 2131 'oratione
629 2065 823 2154 respondit:
872 2069 1082 2158 Sibi'neque

16 2168 20 2187 ²
127 2176 243 2238 maius
266 2171 477 2263 quoiquam,
516 2195 627 2262 neque
644 2175 768 2236 carius
793 2174 1004 2239 auctoritate
1023 2176 1080 2239 Se·

127 2281 228 2354 nati3
256 2279 302 2340 ab
321 2277 551 2341 adolescentia
567 2281 619 2339 im
633 2281 859 2357 enisum‚.vti
877 2281 921 2343 ab
941 2298 1096 2368 optumo.

127 2405 265 2475 quoque
282 2384 502 2473 prolatatum
530 2385 668 2461 uirttue,
701 2406 773 2446 non
791 2386 929 2448 nonlicet
945 2386 988 2449 P.
1007 2385 1081 2448 Sci-

121 2492 236 2580 pioni,
267 2511 401 2551 tummo
426 2492 515 2567 viro,
540 2490 727 2578 placatas&
769 2491 811 2553 ob
834 2490 968 2554 easdem
993 2496 1081 2556 arcis

127 2596 172 2658 ab
195 2595 358 2680 Micipsa,
389 2616 460 2658 non
478 2598 627 2683 penuria
652 2594 845 2673 libetur-um,
871 2597 910 2657 in
935 2591 1081 2681 regnum

127 2698 339 2785 adoptatum.
379 2702 622 2790 Getarumque
642 2701 749 2788 plura
774 2701 856 2764 bene
874 2719 978 2789 acque
997 2719 1080 2766 stre·

128 2826 197 2868 nae
212 2802 363 2893 sponset,
396 2826 433 2868 eo
464 2809 624 2868 animum
645 2828 747 2869 suum
770 2809 939 2869 iniuriam
964 2810 1082 2871 minus

128 2910 280 2975 tolerare.
330 2910 562 2975 Adherbalem
586 2906 675 2974 dolis
700 2914 796 2975 vitae
821 2932 904 2975 suae
935 2913 1080 2976 institia-

128 3032 220 3096 tum‚
252 3016 348 3104 quod
367 3015 427 3078 vbi
446 3019 667 3103 comperisset,
695 3017 814 3081 sceleri
832 3017 971 3080 obuiam
995 3020 1079 3094 isse;

123 3124 293 3213 populum
306 3122 506 3187 Romanum
526 3142 637 3211 neque
658 3140 753 3200 recte,
783 3124 894 3211 neque
906 3146 971 3210 pro
992 3124 1080 3187 bono

117 3227 313 3318 ficturum,
343 3231 375 3291 si
397 3228 442 3291 ab
465 3229 539 3290 iure
559 3230 717 3313 gencium
737 3250 807 3292 sese
822 3228 1080 3315 prohibuerint.-

122 3351 291 3422 postremo
314 3333 358 3397 de
377 3335 535 3397 omnibus
552 3335 648 3398 rebus
668 3336 796 3420 legatos
816 3333 965 3398 Romam
986 3334 1083 3399 breui

127 3440 317 3502 missurum.
367 3438 418 3502 Ita
443 3441 580 3528 vtrique
598 3438 850 3528 digrediuntur.
900 3437 1081 3505 Adherba-

126 3538 170 3607 lis
197 3540 394 3633 adpellandi
420 3546 519 3634 copia
543 3566 615 3610 non
639 3543 716 3611 fuit.
