2258 3998
323 115 779 243 carnnunngn
983 120 1028 190 aa

78 275 170 341 haud
184 274 284 341 facile
299 296 357 341 eos
371 272 413 340 ad
428 256 564 341 tantum
574 278 753 366 negotiu'm
766 275 899 370 impelli
911 300 1021 370 posse.

78 383 195 447 Ceteri
216 378 304 447 nihil
326 356 537 470 suspiicantes
559 379 659 447 dante
695 383 829 448 Cassius
849 398 960 448 semet
983 404 1027 450 eo
1060 364 1063 375 ¹

79 485 174 552 breui
199 500 385 551 venturum
410 483 607 575 pollicetur,
637 508 677 551 ac
692 480 812 576 paullo
830 502 911 554 ante
925 482 1027 579 'lega-

76 605 131 655 tos
160 613 200 655 ex
224 588 306 655 vrbe
332 589 573 677 proficiscitur.
633 589 803 657 Lentulus
831 597 930 675 (cum
956 593 1026 676 his)

79 694 123 759 T.
145 692 370 763 Volturcium
398 693 581 783 quemdam
608 695 873 762 Crotoniensem
899 699 1023 776 mittit3

60 806 128 868 'vti
152 799 355 887 Allobroges
382 802 488 886 prius,
521 819 625 887 quam
652 798 797 867 domum
824 817 1022 892 pergerent,

76 929 159 972 cum
184 903 350 982 Catilina,
377 903 456 967 data
480 918 517 966 et
539 919 680 994 accepta
708 903 796 985 fide,
826 909 1030 971 societatem

62 1009 334 1093 ,confirmarent
384 1009 462 1096 lpse
478 1004 663 1074 Volturcio
684 1005 816 1075 litteras
840 1007 884 1075 ad
907 1007 1027 1077 Catili·

76 1139 161 1182 nam
185 1115 255 1193 dat,
286 1136 431 1202 quarum
446 1111 644 1203 exemplum
663 1112 754 1180 irlfra
773 1117 961 1204 scriptum:

148 1222 232 1309 Quis
255 1223 333 1298 sim,
364 1242 409 1282 ex
427 1242 476 1297 eo,
497 1242 600 1307 quem
618 1220 667 1283 ad
678 1237 710 1285 te
722 1222 813 1299 miii,
835 1242 1021 1306 cognosces.

77 1326 152 1391 Fac
176 1328 314 1410 cogites,
349 1327 388 1386 in
412 1339 547 1412 quanta
572 1325 768 1388 calamitate
793 1327 863 1400 sis,·
903 1342 938 1388 et
957 1347 1027 1390 me·

78 1434 219 1494 mineris
245 1449 276 1493 tc
302 1433 439 1492 virum:
465 1427 641 1490 auxilium
665 1446 763 1516 petas
789 1431 834 1492 ab
855 1430 1024 1511 omnibus,

75 1539 183 1603 etiam
209 1536 253 1596 ab
280 1533 418 1620 infimis.

146 1639 200 1704 Ad
215 1639 281 1703 hoc
300 1635 460 1702 mandata
479 1634 590 1702 verbis
617 1633 693 1701 dat:
726 1639 812 1702 Cum
831 1639 877 1703 ab
897 1639 1026 1707 Senatu

80 1726 185 1811 bostis
216 1746 387 1808 iudicatus
413 1746 475 1819 sit,
505 1765 573 1831 qao
600 1742 741 1805 coasilio
761 1747 903 1808 seruitia
928 1768 1025 1836 repu-

77 1848 178 1916 diet?
214 1853 250 1912 ia
279 1850 361 1912 arbe
383 1863 511 1936 parata
537 1869 620 1925 esse,
661 1870 751 1936 quae
785 1852 942 1916 iusserit:
982 1874 1027 1919 ne

19 1968 22 1975 '
78 1972 255 2023 cunctetur
283 1957 351 2042 ipse
371 1955 514 2041 propius
539 1953 700 2017 accedere.

268 2208 273 2214 ,
360 2130 492 2195 aaa
538 2129 738 2195 xxxxi

126 2274 208 2339 ·His
227 2269 328 2336 rebus
343 2273 391 2333 ita
409 2272 504 2346 actis,
520 2274 708 2334 constituta
725 2284 840 2349 nocte,
863 2293 931 2362 qua
945 2294 1026 2364 pro-

81 2376 330 2455 ficiscerentur,
351 2377 484 2452 Cicero,
502 2396 568 2463 per
581 2370 709 2462 legatos
731 2390 855 2441 cuncta
871 2377 1026 2458 edoctus,

81 2477 122 2547 L.
140 2481 282 2551 Valerio
301 2479 424 2546 Flacco
444 2495 480 2542 et
500 2479 537 2544 C.
555 2479 714 2544 Pomtino
731 2479 947 2548 Praetoribus
964 2485 1028 2548 im·

78 2603 190 2681 perat,
220 2589 270 2650 vti
293 2588 329 2648 in
350 2599 457 2674 ponte
476 2580 614 2649 Muluio
630 2607 695 2674 per
710 2584 848 2651 insidias
866 2583 1028 2653 Allobro·

78 2716 163 2784 gum
189 2696 371 2757 comitatus
393 2687 672 2777 deprehendant:
701 2713 777 2763 rem
796 2712 938 2757 omnem
952 2714 1028 2783 ape-

77 2802 137 2875 rit,
167 2803 263 2862 euius
289 2800 400 2883 gratia
426 2792 675 2859 mittebantur:
707 2811 833 2874 cetera,
860 2801 910 2864 vti
930 2795 1027 2865 'facto

80 2925 166 2992 opus
191 2903 246 2978 sit,
274 2903 323 2963 ita
338 2913 451 2988 agant,
465 2905 659 2986 permittit.
709 2901 879 2967 Homines
899 2900 1027 2966 milita-

77 3030 149 3086 res,
177 3011 252 3070 siue
273 3001 428 3069 tumultu
458 3003 635 3092 praesidiis
666 3003 860 3084 collocatis,
890 3004 1027 3072 occulte

78 3129 230 3204 pontem
255 3107 428 3174 obsidunt.
477 3109 662 3198 Postquam
686 3109 729 3174 ad
760 3108 796 3173 id
826 3105 896 3174 loci
922 3105 1027 3196 legati

78 3240 161 3284 cum
174 3212 355 3281 Volturcio
369 3233 507 3292 venere,
533 3200 574 3281 ¹et
593 3212 696 3279 simul
712 3218 883 3302 utrimque
897 3210 1029 3279 clamor

79 3338 220 3389 exortus
247 3335 315 3398 est3
357 3317 474 3396 Galli,
502 3323 571 3384 cito
602 3325 738 3408 cognito
766 3314 927 3395 consilio,
953 3323 1028 3385 sine

78 3449 179 3495 mora
206 3423 420 3516 praetoribus
453 3446 490 3488 se
515 3423 667 3489 tradunt.
728 3419 931 3490 Volturcius
962 3428 1029 3517 pri·

78 3554 151 3612 mo,
185 3531 383 3613 cohortatus
402 3543 555 3608 ceteros,
584 3525 751 3618 gladiose
769 3518 1029 3592 amultitudine

74 3634 252 3712 delendit3
280 3631 374 3710 deim-
400 3630 457 3701 vbi
475 3657 496 3699 a
515 3629 810 3722 legatie-desertus
832 3646 908 3712 est,
921 3627 1046 3699 muilier.

537 3740 615 3817 Ca
