2258 3998
110 760 290 932 Omnis
317 767 494 848 homines,
527 775 587 861 qui
616 793 690 838 sese
716 771 859 839 student
880 790 1054 864 praestare

197 922 202 931 x
219 880 345 941 ceteris
358 872 582 955 animalibus,
607 900 742 943 summa
763 902 830 968 ope
849 885 916 944 niti
939 879 1052 959 decet,

104 968 214 1048 vitam
237 979 377 1047 silentio
402 1004 446 1045 ne
464 997 651 1061 transeant,
672 981 780 1048 veluti
803 1007 941 1074 pecora,
967 1007 1056 1075 quae

104 1103 230 1152 natura
248 1110 358 1176 prona
374 1101 478 1176 atque
498 1093 612 1152 ventri
633 1084 829 1154 obedientia
847 1088 957 1155 linxit.
985 1088 1055 1156 sed

104 1209 224 1258 nostra
243 1199 354 1258 omnis
373 1198 422 1258 vis
437 1198 475 1257 in
490 1199 607 1260 animo
622 1209 657 1258 et
676 1189 822 1284 corpore
837 1201 921 1274 sita;
946 1201 1055 1261 animi

102 1303 267 1387 imperio,
292 1303 446 1388 corporis
458 1304 603 1364 seruitio
614 1306 722 1390 magis
737 1307 877 1365 vtimur.
904 1297 1056 1368 alterum

103 1403 204 1471 nobis
235 1422 317 1470 cum
342 1403 405 1480 dis,
442 1401 593 1468 alterum
619 1426 701 1469 eum
725 1403 848 1471 belluis
868 1418 1055 1471 commune

104 1526 166 1574 est.
229 1511 311 1597 Qun
336 1509 423 1572 mihi
444 1513 573 1573 rectius
596 1507 749 1587 videtur,
772 1516 914 1598 ingenii,
951 1533 1054 1599 quam

103 1619 232 1680 virium
258 1611 382 1704 opibus
398 1611 559 1704 ⁴gloriam
586 1636 770 1704 quaerere,
806 1632 852 1694 et,
889 1621 1056 1705 quoniam

102 1726 173 1787 vita
198 1727 283 1810 ipsa,
313 1743 381 1810 qua
403 1720 567 1798 fruimur,
609 1717 723 1786 breuis
749 1735 812 1799 est,
848 1727 1055 1790 memoriam

92 1810 216 1891 nostri
237 1847 340 1915 quam
353 1848 511 1890 maxume
525 1822 826 1914 longam-efficere.
861 1825 953 1893 Nam
969 1825 1054 1896 diui·
1108 1815 1111 1819 ’

102 1940 234 1999 tiarum
253 1949 289 1998 et
310 1932 443 1997 formae
461 1929 568 2019 gloria
586 1930 677 1995 fluxa
700 1949 804 2021 atque
831 1931 965 2021 fragilis
987 1947 1051 2010 est,

102 2038 227 2106 Virtus
246 2036 336 2103 clara
358 2053 567 2125 aeternaque
590 2035 747 2102 habetur.
805 2037 873 2104 Sed
899 2037 1054 2103 diuma·
1120 2034 1127 2057 '

101 2167 213 2234 gnum
227 2148 320 2209 inter
336 2140 492 2208 mortalis
505 2158 680 2207 certamen
692 2142 773 2218 fuit,
790 2148 870 2207 vine
884 2149 1051 2233 corporis,

52 2297 54 2301 -
101 2273 148 2314 an
167 2255 296 2314 virtute
318 2254 427 2312 animi
445 2269 499 2337 res
524 2244 684 2315 militaris
707 2252 815 2337 magis
834 2247 1048 2336 procederet,
1077 2252 1079 2259 '

78 2355 194 2422 ‚Nam
217 2371 254 2420 et
278 2361 388 2444 prius,
414 2376 518 2443 quam
543 2358 701 2442 incipias,
727 2350 905 2430 consulte,
931 2369 978 2431 et,
997 2353 1051 2419 vbi
1119 2421 1121 2425 ,

100 2459 337 2538 consulueris,
363 2475 498 2524 mature
526 2459 618 2525 facto
643 2480 740 2548 opus.
791 2459 842 2545 lta
867 2473 1054 2549 Vtrumque

99 2589 166 2657 per
187 2590 223 2630 se
245 2565 419 2654 indigens,
445 2564 595 2631 alterum
615 2563 756 2630 alterius
770 2562 898 2628 auxilio
915 2581 1026 2654 teget.

168 2675 280 2762 Igitur
294 2679 407 2737 initio.
416 2673 524 2760 Reges
551 2677 647 2756 (nam
666 2676 703 2735 in
722 2675 823 2735 terris
841 2692 970 2753 nomen
987 2677 1050 2735 im·

99 2785 192 2870 perii
216 2778 251 2843 id
274 2787 429 2869 primum
455 2778 541 2859 fuit)
568 2775 715 2853 diuersi,
753 2798 841 2863 pars„
857 2782 1050 2865 ingenium,

94 2883 159 2950 alii
193 2908 320 2974 corpus
341 2880 560 2948 exercebant:
605 2887 813 2947 etiamtum
844 2887 914 2947 vita
939 2881 1049 2946 homi-

98 3014 186 3056 num
208 2998 282 3055 sine
302 2988 493 3078 cupiditate
513 2985 725 3076 agitabatur3
751 3009 812 3050 sua
827 2993 952 3076 cuique
971 2991 1051 3052 satis

94 3094 293 3186 placebant.
343 3095 463 3159 Postea
488 3117 570 3159 vero
591 3115 695 3183 quam
714 3097 751 3155 in
769 3090 851 3155 Asia
865 3091 988 3182 Cyrus,
1014 3097 1048 3155 in

99 3201 247 3266 Graecia
277 3199 545 3266 Lacedaemonii
573 3215 609 3264 et
640 3196 882 3263 Athenienses·
904 3219 1076 3284 coepere,

98 3306 197 3375 vrbes
222 3321 326 3396 atq-ue
344 3312 506 3371 nationes
527 3304 698 3394 subigere,
723 3301 917 3369 lubidinem
940 3300 1051 3368 domi-

94 3410 207 3478 nandi
230 3433 383 3479 caussam
408 3408 492 3476 belli
514 3408 658 3487 habere,
685 3430 882 3477 maxumam
903 3404 1051 3495 gloriam

97 3523 136 3584 in
152 3540 314 3583 maxumo
328 3521 479 3606 imperio
496 3532 636 3606 putare:
663 3529 741 3578 tum
754 3512 898 3583 demum
912 3519 1051 3603 pericu·

54 3623 57 3633 .
96 3622 134 3697 10
154 3641 259 3715 atque
284 3626 434 3715 negotiis
457 3637 678 3718 camp-ertum
701 3632 766 3697 est,
801 3624 841 3686 in
866 3614 1055 3723 belln'glu¹

475 3754 481 3766 ⁸
586 3726 621 3797 A
643 3750 667 3795 a
873 3768 880 3777 =
1007 3732 1011 3737 '
1029 3784 1046 3817 ,
1113 3746 1118 3751 ·
