2258 3998
144 109 206 204 ηε
335 70 339 82 ’
423 108 805 179 nucuusm
909 110 936 165 s

513 264 727 327 Curtttttu-
841 208 880 229 v·

142 404 167 447 1·
185 397 257 466 pag,
278 400 304 440 r.
326 379 420 445 etsic
437 379 542 464 periti
554 400 652 463 reque
669 379 711 441 td
730 400 800 465 pag.
821 381 900 462 307,
922 380 976 440 vbi
997 381 1089 442 iuteo

137 483 238 569 posito
258 479 387 539 nomine
1089 500 1092 505 ·

512 624 709 686 Ivovttrraa
1017 571 1026 598 t
1066 580 1072 609 l

138 758 231 805 uotae
240 743 274 802 in
285 739 371 802 hunc
381 758 487 799 rursus
496 760 628 800 numero
639 759 664 798 1.
679 738 869 818 incipiuntur
880 737 1088 801 etebsoluun·

138 855 271 920 turpag.
285 837 353 912 354.
384 835 503 903 Earum
514 853 669 916 quaenam
679 835 804 895 sitratio
815 836 931 914 poterit
940 836 1089 918 cognosci

136 958 177 997 ex
197 936 260 1003 his,
289 952 370 1013 quae
390 931 537 1010 deinceps
551 931 634 998 ¹hin'c
653 931 729 992 inde
759 935 793 989 in
815 932 926 991 nostris
947 930 1089 991 animad-

136 1029 330 1094 versionibus
347 1026 551 1109 proferemus.
595 1026 633 1086 In
649 1024 796 1088 hocloco
814 1027 922 1089 dixisse
941 1014 1086 1097 sufficiet,

136 1129 225 1213 quod
243 1126 325 1187 adeo
346 1126 381 1184 in
400 1137 530 1204 augusto
553 1144 648 1203 opere
673 1143 785 1204 perse
808 1120 1008 1206 intelligitur,
1033 1138 1091 1187 eet

134 1226 222 1288 varie
245 1221 387 1284 doctrine
404 1217 570 1287 latinitatis,
597 1218 759 1289 historiae,
776 1219 899 1303 legum,
932 1221 1086 1303 gentium.

134 1321 290 1389 locorum,
313 1315 454 1385 urbium.
482 1317 760 1376 instrumentorum
784 1314 969 1377 bellicorum
986 1315 1088 1377 abun·

134 1419 221 1481 dare.
263 1415 367 1475 Vnam
386 1427 491 1472 tamen
502 1432 568 1472 non
584 1432 711 1491 possum
727 1433 792 1473 non
802 1413 855 1473 hic
870 1415 958 1494 quasi
969 1413 1088 1493 praeci·

134 1534 221 1598 pere,
242 1529 391 1594 tanquam
408 1528 528 1590 exque
542 1527 615 1567 vere
636 1529 765 1592 maguus
786 1507 950 1569 Celsissimi
968 1508 1087 1569 Princi-

133 1614 182 1695 pis
197 1614 319 1672 animus
338 1606 432 1687 plane
456 1607 669 1686 perspiciatur.
731 1606 868 1665 Pertinet
884 1625 921 1665 ee
938 1604 981 1665 ed
1002 1607 1088 1689 regio

134 1706 309 1789 Bocchi'in
328 1703 397 1786 lug.
421 1721 449 1762 c.
472 1699 555 1767 CVI,
570 1701 666 1762 verba
693 1700 831 1764 eundem
853 1704 996 1761 animum
1023 1703 1086 1783 spi·

133 1805 236 1867 tantia
254 1836 294 1848 ···
314 1820 404 1867 nam,
429 1810 469 1856 vt
482 1817 539 1875 ego
559 1815 714 1865 aestrtmo,
741 1819 848 1876 regem
866 1801 965 1879 armis
982 1818 1086 1881 quam

134 1897 358 1978 munificentia
384 1894 482 1961 vinci,
513 1895 619 1952 minus
635 1893 849 1974 flagitiosum,
877 1926 920 1941 ··-
941 1894 1087 1978 adquae

134 1982 232 2060 nuuo'
245 2007 320 2055 nota
344 2012 398 2072 172
416 1989 495 2053 hoec
513 2003 578 2049 est:
606 1990 729 2069 Estoxes
751 2011 798 2050 uu
816 1993 1013 2053 sentimiento
1032 2009 1085 2053 na-

133 2090 216 2155 tural
235 2111 275 2150 en
300 2109 345 2147 un
362 2088 431 2156 Rei,
459 2106 481 2170 y
499 2107 564 2168 que
588 2093 630 2147 no
655 2090 790 2148 necesitn
813 2089 854 2149 de
878 2088 1083 2168 aprenderse:

133 2191 222 2250 Nace
240 2207 302 2248 con
316 2184 406 2246 todos
427 2184 492 2261 (est
507 2183 559 2242 hic
580 2184 677 2243 animi
696 2203 800 2245 sensus
818 2183 957 2267 Regibus¹
973 2200 1085 2247 nature

132 2287 250 2354 insitus,
276 2301 380 2363 neque
398 2281 535 2360 primum
552 2277 711 2359 disciplina
726 2281 981 2364 institutioneque
996 2304 1086 2345 oom-

132 2382 310 2475 parandus:
340 2397 413 2437 cum
435 2374 580 2436 omnibus
601 2377 767 2456 nascitur.)
815 2376 858 2437 Vt
876 2377 928 2437 hic
948 2399 1013 2441 non
1038 2381 1084 2442 di·

132 2501 204 2542 cem
224 2473 392 2537 clausulam
410 2505 451 2519 -
473 2472 564 2532 Nuce
587 2492 647 2530 con
672 2471 762 2530 codor
777 2507 818 2520 --
833 2477 974 2554 proxime
994 2496 1084 2538 «οὓς».

132 2577 209 2638 dere
232 2572 273 2632 ad
297 2569 510 2628 Sallustianam
536 2567 705 2646 periodum
727 2571 816 2628 toties
842 2591 916 2630 curn
940 2571 1084 2651 pondere

131 2672 297 2733 cedentem
319 2681 412 2746 atque
438 2683 526 2722 aures
548 2666 593 2723 vti
616 2666 756 2724 animum
776 2663 958 2738 ferientem:
985 2689 1083 2749 quam

132 2788 198 2829 non
220 2766 314 2848 digna
332 2763 410 2821 haec
435 2779 498 2821 vox
522 2781 596 2820 cum
622 2763 761 2842 primurn
789 2761 914 2822 chartae
933 2764 1083 2826 inscribe·

109 2861 111 2866 ’
131 2865 233 2934 batur,
261 2860 403 2938 Principe
419 2878 481 2917 vno
501 2858 672 2917 iuuentutis
690 2860 796 2941 magni
821 2860 962 2938 imperii!
993 2862 1037 2922 Vt
1056 2866 1082 2924 si

131 2964 226 3023 etiam
247 2974 387 3016 morosus
418 2952 528 3036 aliquis
556 2974 666 3015 censor
692 2954 835 3015 dubitare
855 2954 931 3016 velit
952 2957 993 3017 de
1020 2957 1083 3023 hac

130 3058 219 3140 quasi
232 3074 270 3114 ex
287 3051 356 3134 lege
370 3064 497 3113 naturae
513 3052 674 3111 communi
693 3050 815 3134 Regum
836 3051 1081 3137 Principumque

129 3152 247 3222 indole,
268 3165 372 3208 tamen
387 3146 473 3206 idem
488 3167 561 3206 cum
580 3147 692 3229 insigni
709 3146 864 3226 voluptate
876 3150 996 3221 sentiat,
1009 3170 1081 3214 eam

130 3266 215 3312 certe
237 3245 310 3332 talia
331 3243 478 3304 scribenti
501 3256 667 3302 connatam
698 3262 771 3304 esse.

188 3447 337 3528 Sequitur
363 3462 450 3503 nunc
473 3461 569 3522 porro
599 3459 617 3498 a
645 3460 714 3523 pag.
743 3439 805 3501 335
826 3461 926 3524 vsque
946 3442 988 3504 ad
1005 3464 1076 3530 pag.

128 3542 189 3623 378
207 3543 375 3621 promissus
394 3542 429 3600 iu
450 3536 581 3621 Prologo
598 3530 847 3599 Commentarius
871 3541 1080 3622 praecedente

127 3638 236 3701 nmio:
1115 3642 1118 3647 “
