2258 3998
31 3748 34 3755 .
85 3726 95 3755 Ι

132 111 208 194 ΡΕΡ,
236 110 263 123 ”
384 98 905 178 {NTERPRETATw

177 264 310 350 Ρ..88
337 266 398 326 inc.
424 284 458 346 Ρ.
484 273 531 326 or.
554 286 584 326 r.
611 262 792 350 magnifice.
825 263 896 338 ..ta
894 124 1117 415 ΡΡΡΡΡΡΡ

132 388 206 429 mor
228 362 407 452 explicatur

130 502 139 509 -
166 474 240 509 2¹-
278 493 303 505 -
337 479 400 539 pro
416 459 548 517 munim.
565 398 760 539 (praesidio)
773 388 904 530 babeam
932 460 1085 542 quoniam

130 558 301 641 malefactis
320 558 382 615 suis
403 553 548 616 omnibus
569 558 682 615 terrori
702 572 819 617 suut.

212 686 241 701 ··
279 686 307 699 -
345 667 467 717 metum
483 672 500 711 a
515 650 587 715 scel.
608 652 802 719 suoadvest.
815 654 880 735 ign.
904 652 1086 717 nantoil.-

130 757 257 813 Sensus:
283 726 415 818 metitur,
433 751 493 829 qui
506 768 616 811 eorum
628 767 693 813 esse
708 747 837 817 deberet
851 749 890 808 ob
906 752 1087 816 sceleratos

129 865 229 932 atque
255 861 368 915 tanta,
401 844 491 905 vobit
513 848 731 914 incusserunt,
757 862 838 926 quos
859 847 1019 918 sciebant,
1043 845 1084 905 ab

130 948 299 1025 ignauiam
315 945 352 999 in
375 940 613 1020 contraagendo
631 941 886 1022 ulciscendoque
902 944 1008 1069 facilc
1025 957 1085 1001 tar·

129 1045 195 1101 reri
208 1060 308 1123 posse.

109 1174 120 1181 --
209 1134 310 1217 p..89
336 1135 404 1195 ead.
420 1155 491 1215 cup.
507 1132 576 1193 ead.
594 1132 646 1193 od.
663 1132 731 1192 ead.
748 1148 865 1193 met.-
877 1134 917 1194 cf.
933 1104 1079 1261 adp...17

129 1222 221 1295 dicta.
333 1267 336 1271 ·

207 1351 239 1409 p.
254 1348 302 1409 90.
332 1329 402 1386 nisi
410 1318 477 1386 mis
506 1328 539 1386 in
556 1327 680 1427 ΡΡτηίΡ.
704 1345 811 1385 casura
835 1341 920 1387 esset.
945 1326 1080 1437 Supras'

129 1446 169 1485 ne
192 1427 290 1484 ista—
314 1424 564 1515 miseridordia-
587 1457 612 1469 -·
635 1425 668 1480 in
684 1420 849 1501 iniseriam
863 1438 1014 1507 vertet..

207 1555 231 1567 -·
269 1554 290 1566 -
329 1510 508 1602 impuneq.
532 1518 552 1580 l.
579 1510 725 1578 facere·
737 1502 782 1576 id
803 1534 848 1576 est
870 1534 930 1580 etc.
940 1474 1082 1589 Velleio

128 1616 171 1680 11.
185 1618 235 1678 31.
254 1617 365 1676 idest:
398 1617 562 1677 modum'
553 1637 586 1673 1n
608 1615 767 1674 voluntate
788 1604 936 1674 habere.¹
971 1628 987 1657 ·‘

205 1747 232 1760 ··
269 1747 294 1758 ··
333 1715 356 1771 si
379 1716 489 1770 ini.··n.
508 1714 577 1778 sint,
602 1710 633 1768 lt.
645 1730 670 1768 s.
691 1731 770 1768 aux.
788 1718 900 1789 egeus:
923 1712 1083 1775 subotae*

127 1832 210 1878 rum,
235 1812 258 1868 si
277 1808 412 1888 improbi
425 1829 443 1866 a
459 1807 686 1865 malefaciendo
705 1807 929 1868 deterreantur.
972 1809 1024 1869 Ita·
1037 1824 1083 1874 et⁶

126 1909 190 1966 iam
211 1907 250 1963 V.
268 1905 309 1962 H.
335 1924 456 1962 sensum
479 1903 562 1963 bene
586 1905 740 1982 expressit.

143 2024 146 2029 ·
205 2023 237 2080 p.
256 2023 304 2080 9¹·
326 2001 469 2059 Haecat.
487 1999 578 2059 alei.
598 2019 688 2078 saepe
701 1999 761 2058 dic.
786 1991 1083 2081 ltaque'Mernntius

126 2096 230 2182 'plures
251 2099 284 2155 in
307 2096 365 2157 hac
385 2116 474 2156 causa
493 2096 645 2156 orationes
668 2094 808 2155 habuisse
824 2093 966 2167 videtum
996 2098 1083 2158 vnde

126 2193 208 2256 forte
228 2194 305 2253 dixit
327 2209 433 2261 antea,
463 2212 494 2252 se
517 2213 619 2252 unam
641 2192 834 2272 perscribere
857 2192 947 2252 velle.

206 2313 237 2371 p.
253 2313 300 2371 92.
324 2291 626 2372 dignitati.qu.-irae
649 2291 745 2370 magis
765 2287 946 2359 consulere3
971 2298 1014 2349 rie
1032 2304 1077 2359 sc.

126 2386 202 2450 fides
231 2388 302 2447 data
334 2386 519 2454 violaretur,
555 2386 643 2465 quod
675 2386 862 2456 indecorum
887 2386 1082 2466 reipublicae

124 2482 239 2546 fuisset.
308 2557 311 2561 Ι

206 2601 237 2659 Ρ.
253 2579 301 2659 95.
328 2598 432 2639 comes
455 2580 538 2648 eius3
563 2579 713 2637 nimirum
726 2575 904 2660 Iugurthae.

205 2696 237 2754 p.
250 2675 306 2754 96..
324 2695 410 2734 arma
433 2694 546 2755 capere
566 2674 604 2733 al.
626 2674 664 2732 al.
688 2694 710 2733 s.
730 2674 845 2733 abdere
864 2708 905 2723 -
923 2672 991 2734 rell.
1012 2666 1077 2760 usq.

126 2774 161 2831 iu
181 2774 298 2828 incerto
317 2787 408 2830 erat:
428 2772 508 2831 Tota
531 2770 610 2830 haec
629 2791 733 2829 rursus
754 2771 920 2853 descriptio
939 2791 1081 2834 summae

124 2866 365 2950 perturbationis
386 2868 419 2925 in
442 2869 611 2946 improuiso
634 2867 769 2927 hostium
795 2864 915 2946 inipetu
938 2870 981 2927 sic
1008 2891 1082 2929 cou-

125 2964 206 3024 fecta
224 2978 277 3032 est,
298 2978 332 3022 vt
344 2967 488 3023 interesse
506 2979 535 3023 te
553 2980 651 3044 putes.
680 2958 756 3022 'Sed
773 2961 937 3021 fatendum
953 2964 1080 3026 turbare

125 3062 319 3142 aliquatenus
355 3062 522 3140 periodum
560 3059 691 3119 verbum
720 3058 890 3142 crapulata.
968 3058 1081 3142 ltaque

125 3157 309 3239 Anonyrnus
331 3159 364 3216 in
389 3159 461 3218 Obs.
491 3157 619 3215 miscell.
653 3158 745 3216 Tom.
776 3157 828 3215 cit.
860 3176 892 3243 Ρ.
917 3155 987 3215 521.
1012 3157 1083 3220 vult

125 3255 238 3337 legere,
254 3252 380 3339 trepida
394 3274 442 3312 res
462 3252 545 3314 omn.
560 3252 651 3322 locis3
675 3251 868 3312 conferendo
886 3252 970 3310 Liuii
985 3254 1011 3313 Ι.
1028 3275 1078 3339 27.

124 3351 235 3409 Tullus
254 3351 287 3407 in
312 3370 347 3407 re
369 3348 506 3432 trepida,
533 3348 704 3408 duodecim
722 3349 815 3409 vouit
832 3346 928 3407 Salios
949 3363 981 3407 et
997 3349 1076 3412 Hor.

125 3448 187 3507 Od.
203 3447 260 3504 HI.
278 3467 304 3503 Ρ.
322 3445 350 3504 5.
394 3446 432 3503 Et
442 3447 485 3502 ita
501 3446 630 3504 omnino
647 3446 747 3524 aptius
765 3443 946 3503 cohaereret
964 3447 1076 3508 oratio.

120 3541 204 3600 Nam
229 3542 283 3600 etsi
305 3539 463 3600 Sallustius
480 3540 588 3609 verbo,
612 3555 644 3599 et
662 3540 754 3600 huius
779 3542 868 3601 modi
890 3540 964 3599 alibi
984 3543 1081 3602 etiam

106 3637 223 3709 rutum
257 3652 366 3719 terren
384 3660 455 3702 uon
478 3639 586 3701 minus
609 3638 804 3700 adiectiuuru
825 3652 861 3698 et
878 3637 993 3700 eodeni
1009 3658 1086 3697 casu
