<?xml version="1.0" encoding="UTF-8"?>
<!DOCTYPE html PUBLIC "-//W3C//DTD XHTML 1.0 Transitional//EN"
    "http://www.w3.org/TR/xhtml1/DTD/xhtml1-transitional.dtd">
<html xmlns="http://www.w3.org/1999/xhtml" xml:lang="en" lang="en">
 <head>
  <title>
</title>
<meta http-equiv="Content-Type" content="text/html;charset=utf-8" />
  <meta name='ocr-system' content='tesseract 3.04.00' />
  <meta name='ocr-capabilities' content='ocr_page ocr_carea ocr_par ocr_line ocrx_word'/>
</head>
<body>
  <div class='ocr_page' id='page_1' title='image "./caivscrispvssal00sallgoog_0052.png"; bbox 0 0 2258 3998; ppageno 0'>
   <div class='ocr_carea' id='block_1_1' title="bbox 310 119 1034 215">
    <p class='ocr_par' dir='ltr' id='par_1_1' title="bbox 310 119 1034 215">
     <span class='ocr_line' id='line_1_1' title="bbox 310 119 1034 215; baseline 0.01 -29"><span class='ocrx_word' id='word_1_1' title='bbox 310 119 793 189; x_wconf 73' lang='lat' dir='ltr'><strong>cAuiniuAnia</strong></span> <span class='ocrx_word' id='word_1_2' title='bbox 988 125 1034 215; x_wconf 73' lang='lat'><strong>³7</strong></span> 
     </span>
    </p>
   </div>
   <div class='ocr_carea' id='block_1_2' title="bbox 67 258 1102 2447">
    <p class='ocr_par' dir='ltr' id='par_1_2' title="bbox 67 258 1102 2447">
     <span class='ocr_line' id='line_1_2' title="bbox 71 258 1032 368; baseline 0.002 -25"><span class='ocrx_word' id='word_1_3' title='bbox 71 277 138 343; x_wconf 80' lang='lat' dir='ltr'><strong>bus</strong></span> <span class='ocrx_word' id='word_1_4' title='bbox 162 301 185 342; x_wconf 85' lang='lat' dir='ltr'><strong><em>a</em></strong></span> <span class='ocrx_word' id='word_1_5' title='bbox 206 258 361 361; x_wconf 78' lang='lat' dir='ltr'><strong>Gubiuie</strong></span> <span class='ocrx_word' id='word_1_6' title='bbox 385 298 421 344; x_wconf 89' lang='lat' dir='ltr'><strong>et</strong></span> <span class='ocrx_word' id='word_1_7' title='bbox 444 281 608 368; x_wconf 76' lang='lat' dir='ltr'><strong>Coeperio</strong></span> <span class='ocrx_word' id='word_1_8' title='bbox 620 282 761 345; x_wconf 81' lang='lat' dir='ltr'><strong>&#39;socium</strong></span> <span class='ocrx_word' id='word_1_9' title='bbox 782 262 963 360; x_wconf 61' lang='lat' dir='ltr'><strong>aiecium,</strong></span> <span class='ocrx_word' id='word_1_10' title='bbox 979 284 1032 345; x_wconf 79' lang='lat' dir='ltr'><strong>&#39;ul-</strong></span> 
     </span>
     <span class='ocr_line' id='line_1_3' title="bbox 72 382 1033 474; baseline 0.004 -27"><span class='ocrx_word' id='word_1_11' title='bbox 72 384 132 447; x_wconf 77' lang='lat' dir='ltr'><strong>hil</strong></span> <span class='ocrx_word' id='word_1_12' title='bbox 155 385 308 472; x_wconf 84' lang='lat' dir='ltr'><strong>amplius</strong></span> <span class='ocrx_word' id='word_1_13' title='bbox 333 387 434 465; x_wconf 86' lang='lat' dir='ltr'><strong>scire,</strong></span> <span class='ocrx_word' id='word_1_14' title='bbox 465 398 575 474; x_wconf 75' lang='lat' dir='ltr'><strong>queuis</strong></span> <span class='ocrx_word' id='word_1_15' title='bbox 602 386 755 473; x_wconf 79' lang='lat' dir='ltr'><strong>legatos.-</strong></span> <span class='ocrx_word' id='word_1_16' title='bbox 795 382 1033 451; x_wconf 75' lang='lat' dir='ltr'><strong>tantummodi&gt;</strong></span> 
     </span>
     <span class='ocr_line' id='line_1_4' title="bbox 71 489 1033 571; baseline 0.002 -16"><span class='ocrx_word' id='word_1_17' title='bbox 71 489 196 555; x_wconf 82' lang='lat' dir='ltr'><strong>audire</strong></span> <span class='ocrx_word' id='word_1_18' title='bbox 214 491 356 553; x_wconf 83' lang='lat' dir='ltr'><strong>solitum</strong></span> <span class='ocrx_word' id='word_1_19' title='bbox 376 513 421 552; x_wconf 80' lang='lat' dir='ltr'><strong>ex</strong></span> <span class='ocrx_word' id='word_1_20' title='bbox 441 490 606 569; x_wconf 83' lang='lat' dir='ltr'><strong>Gabinio,</strong></span> <span class='ocrx_word' id='word_1_21' title='bbox 637 492 679 555; x_wconf 91' lang='lat' dir='ltr'><strong>P.</strong></span> <span class='ocrx_word' id='word_1_22' title='bbox 708 490 934 571; x_wconf 73' lang='lat' dir='ltr'><strong>Arctionium,</strong></span> <span class='ocrx_word' id='word_1_23' title='bbox 963 493 1033 557; x_wconf 89' lang='lat' dir='ltr'><strong>Ser·</strong></span> 
     </span>
     <span class='ocr_line' id='line_1_5' title="bbox 71 596 1032 685; baseline 0.004 -27"><span class='ocrx_word' id='word_1_24' title='bbox 71 598 175 658; x_wconf 79' lang='lat' dir='ltr'><strong>vium</strong></span> <span class='ocrx_word' id='word_1_25' title='bbox 191 596 338 673; x_wconf 85' lang='lat' dir='ltr'><em>Sullam,</em></span> <span class='ocrx_word' id='word_1_26' title='bbox 357 596 396 658; x_wconf 92' lang='lat' dir='ltr'><strong>L.</strong></span> <span class='ocrx_word' id='word_1_27' title='bbox 419 596 685 682; x_wconf 66' lang='lat' dir='ltr'><strong>Vargunteium,</strong></span> <span class='ocrx_word' id='word_1_28' title='bbox 714 598 841 660; x_wconf 84' lang='lat' dir='ltr'><strong>multos</strong></span> <span class='ocrx_word' id='word_1_29' title='bbox 855 614 1032 685; x_wconf 82' lang='lat' dir='ltr'><strong>praeterea</strong></span> 
     </span>
     <span class='ocr_line' id='line_1_6' title="bbox 72 698 1027 768; baseline 0.005 -6"><span class='ocrx_word' id='word_1_30' title='bbox 72 702 114 762; x_wconf 83' lang='lat' dir='ltr'><strong>in</strong></span> <span class='ocrx_word' id='word_1_31' title='bbox 137 721 179 763; x_wconf 85' lang='lat' dir='ltr'><strong>ea</strong></span> <span class='ocrx_word' id='word_1_32' title='bbox 199 702 435 764; x_wconf 80' lang='lat' dir='ltr'><strong>coniuratione</strong></span> <span class='ocrx_word' id='word_1_33' title='bbox 455 724 531 765; x_wconf 84' lang='lat' dir='ltr'><strong>esse.</strong></span> <span class='ocrx_word' id='word_1_34' title='bbox 580 699 712 766; x_wconf 87' lang='lat' dir='ltr'><strong>Eadem</strong></span> <span class='ocrx_word' id='word_1_35' title='bbox 737 698 832 768; x_wconf 84' lang='lat' dir='ltr'><strong>Galli</strong></span> <span class='ocrx_word' id='word_1_36' title='bbox 857 698 1027 767; x_wconf 72' lang='lat' dir='ltr'><strong>fatenturi</strong></span> 
     </span>
     <span class='ocr_line' id='line_1_7' title="bbox 70 802 1033 898; baseline 0.003 -30"><span class='ocrx_word' id='word_1_37' title='bbox 70 827 115 869; x_wconf 88' lang='lat' dir='ltr'><strong>ac</strong></span> <span class='ocrx_word' id='word_1_38' title='bbox 136 802 328 869; x_wconf 88' lang='lat' dir='ltr'>Lentulum</span> <span class='ocrx_word' id='word_1_39' title='bbox 354 804 629 871; x_wconf 87' lang='lat' dir='ltr'><strong>dissimulantem</strong></span> <span class='ocrx_word' id='word_1_40' title='bbox 654 818 860 895; x_wconf 78' lang='lat' dir='ltr'><strong>coarguunt,</strong></span> <span class='ocrx_word' id='word_1_41' title='bbox 892 820 1033 898; x_wconf 82' lang='lat' dir='ltr'><strong>praeter</strong></span> 
     </span>
     <span class='ocr_line' id='line_1_8' title="bbox 71 907 1033 1001; baseline 0.002 -26"><span class='ocrx_word' id='word_1_42' title='bbox 71 907 220 988; x_wconf 84' lang='lat' dir='ltr'><strong>litteras,</strong></span> <span class='ocrx_word' id='word_1_43' title='bbox 250 909 482 989; x_wconf 86' lang='lat' dir='ltr'><strong>sermonibus,</strong></span> <span class='ocrx_word' id='word_1_44' title='bbox 517 933 604 1001; x_wconf 87' lang='lat' dir='ltr'><strong>quos</strong></span> <span class='ocrx_word' id='word_1_45' title='bbox 632 911 759 977; x_wconf 81' lang='lat' dir='ltr'><strong>habere</strong></span> <span class='ocrx_word' id='word_1_46' title='bbox 787 910 930 977; x_wconf 85' lang='lat' dir='ltr'><strong>solitus:</strong></span> <span class='ocrx_word' id='word_1_47' title='bbox 971 912 1033 977; x_wconf 64' lang='lat' dir='ltr'><strong>Eu</strong></span> 
     </span>
     <span class='ocr_line' id='line_1_9' title="bbox 73 1017 1032 1103; baseline 0.004 -24"><span class='ocrx_word' id='word_1_48' title='bbox 73 1017 172 1079; x_wconf 80' lang='lat' dir='ltr'><strong>libris</strong></span> <span class='ocrx_word' id='word_1_49' title='bbox 195 1017 376 1102; x_wconf 82' lang='lat' dir='ltr'><em>Sibyllinis</em></span> <span class='ocrx_word' id='word_1_50' title='bbox 402 1040 545 1103; x_wconf 79' lang='lat' dir='ltr'><strong>reguum</strong></span> <span class='ocrx_word' id='word_1_51' title='bbox 567 1018 700 1083; x_wconf 83' lang='lat' dir='ltr'><strong>Romae</strong></span> <span class='ocrx_word' id='word_1_52' title='bbox 730 1020 838 1082; x_wconf 81' lang='lat' dir='ltr'><strong>tribus</strong></span> <span class='ocrx_word' id='word_1_53' title='bbox 864 1018 1032 1084; x_wconf 60' lang='lat' dir='ltr'><strong>Corneliis</strong></span> 
     </span>
     <span class='ocr_line' id='line_1_10' title="bbox 67 1120 1030 1211; baseline 0.004 -29"><span class='ocrx_word' id='word_1_54' title='bbox 67 1120 250 1210; x_wconf 78' lang='lat' dir='ltr'><strong>portendi5</strong></span> <span class='ocrx_word' id='word_1_55' title='bbox 286 1125 438 1187; x_wconf 79' lang='lat' dir='ltr'><em>Cinnam</em></span> <span class='ocrx_word' id='word_1_56' title='bbox 467 1141 573 1211; x_wconf 75' lang='lat' dir='ltr'><strong>atqrre</strong></span> <span class='ocrx_word' id='word_1_57' title='bbox 593 1124 730 1187; x_wconf 77' lang='lat' dir='ltr'><em>Sullam</em></span> <span class='ocrx_word' id='word_1_58' title='bbox 748 1141 870 1203; x_wconf 82' lang='lat' dir='ltr'><strong>antea,</strong></span> <span class='ocrx_word' id='word_1_59' title='bbox 907 1146 943 1187; x_wconf 86' lang='lat' dir='ltr'><strong>se</strong></span> <span class='ocrx_word' id='word_1_60' title='bbox 966 1140 1030 1188; x_wconf 84' lang='lat' dir='ltr'><strong>cer·</strong></span> 
     </span>
     <span class='ocr_line' id='line_1_11' title="bbox 72 1226 1102 1317; baseline 0.002 -28"><span class='ocrx_word' id='word_1_61' title='bbox 72 1229 175 1304; x_wconf 83' lang='lat' dir='ltr'><strong>tium,</strong></span> <span class='ocrx_word' id='word_1_62' title='bbox 207 1229 266 1297; x_wconf 72' lang='lat' dir='ltr'><strong>eui</strong></span> <span class='ocrx_word' id='word_1_63' title='bbox 275 1226 399 1315; x_wconf 83' lang='lat' dir='ltr'><strong>fatum</strong></span> <span class='ocrx_word' id='word_1_64' title='bbox 406 1226 505 1316; x_wconf 87' lang='lat' dir='ltr'><strong>soret</strong></span> <span class='ocrx_word' id='word_1_65' title='bbox 520 1230 614 1292; x_wconf 80' lang='lat' dir='ltr'><strong>vrbis</strong></span> <span class='ocrx_word' id='word_1_66' title='bbox 634 1232 742 1317; x_wconf 80' lang='lat' dir='ltr'><strong>potiri</strong></span> <span class='ocrx_word' id='word_1_67' title='bbox 746 1255 760 1305; x_wconf 92' lang='lat'><strong>,·</strong></span> <span class='ocrx_word' id='word_1_68' title='bbox 785 1247 961 1316; x_wconf 78' lang='lat' dir='ltr'><strong>praeterea</strong></span> <span class='ocrx_word' id='word_1_69' title='bbox 986 1228 1031 1291; x_wconf 82' lang='lat' dir='ltr'><strong>ab</strong></span> <span class='ocrx_word' id='word_1_70' title='bbox 1099 1236 1102 1241; x_wconf 84' lang='lat'>&#39;</span> 
     </span>
     <span class='ocr_line' id='line_1_12' title="bbox 73 1332 1028 1419; baseline 0.003 -24"><span class='ocrx_word' id='word_1_71' title='bbox 73 1336 212 1395; x_wconf 84' lang='lat' dir='ltr'><strong>incenso</strong></span> <span class='ocrx_word' id='word_1_72' title='bbox 240 1332 410 1419; x_wconf 67' lang='lat' dir='ltr'><strong>Capitolio</strong></span> <span class='ocrx_word' id='word_1_73' title='bbox 433 1333 535 1395; x_wconf 85' lang='lat' dir='ltr'><strong>illum</strong></span> <span class='ocrx_word' id='word_1_74' title='bbox 559 1356 627 1397; x_wconf 86' lang='lat' dir='ltr'><strong>esse</strong></span> <span class='ocrx_word' id='word_1_75' title='bbox 647 1338 854 1419; x_wconf 73' lang='lat' dir='ltr'><strong>vigesimum</strong></span> <span class='ocrx_word' id='word_1_76' title='bbox 880 1356 1028 1413; x_wconf 84' lang='lat' dir='ltr'><strong>anuum,</strong></span> 
     </span>
     <span class='ocr_line' id='line_1_13' title="bbox 73 1434 1033 1525; baseline 0.005 -27"><span class='ocrx_word' id='word_1_77' title='bbox 73 1460 177 1525; x_wconf 84' lang='lat' dir='ltr'><strong>quem</strong></span> <span class='ocrx_word' id='word_1_78' title='bbox 194 1458 357 1523; x_wconf 58' lang='lat' dir='ltr'><strong>saepem</strong></span> <span class='ocrx_word' id='word_1_79' title='bbox 371 1434 540 1522; x_wconf 82' lang='lat' dir='ltr'><strong>prodigiis</strong></span> <span class='ocrx_word' id='word_1_80' title='bbox 561 1436 756 1525; x_wconf 74' lang='lat' dir='ltr'><strong>liunispices</strong></span> <span class='ocrx_word' id='word_1_81' title='bbox 784 1439 1033 1525; x_wconf 70' lang='lat' dir='ltr'><strong>respondissent</strong></span> 
     </span>
     <span class='ocr_line' id='line_1_14' title="bbox 72 1537 1029 1631; baseline 0.004 -27"><span class='ocrx_word' id='word_1_82' title='bbox 72 1540 162 1604; x_wconf 86' lang='lat' dir='ltr'><strong>bello</strong></span> <span class='ocrx_word' id='word_1_83' title='bbox 188 1541 290 1602; x_wconf 84' lang='lat' dir='ltr'><strong>ciuili</strong></span> <span class='ocrx_word' id='word_1_84' title='bbox 309 1557 487 1602; x_wconf 83' lang='lat' dir='ltr'><strong>cruentum</strong></span> <span class='ocrx_word' id='word_1_85' title='bbox 501 1537 593 1627; x_wconf 74' lang='lat' dir='ltr'><strong>fere.</strong></span> <span class='ocrx_word' id='word_1_86' title='bbox 649 1542 761 1630; x_wconf 84' lang='lat' dir='ltr'><strong>Igitur</strong></span> <span class='ocrx_word' id='word_1_87' title='bbox 784 1538 946 1631; x_wconf 79' lang='lat' dir='ltr'><strong>perlectis</strong></span> <span class='ocrx_word' id='word_1_88' title='bbox 972 1541 1029 1608; x_wconf 90' lang='lat' dir='ltr'><strong>lit·</strong></span> 
     </span>
     <span class='ocr_line' id='line_1_15' title="bbox 73 1646 1027 1735; baseline 0.001 -24"><span class='ocrx_word' id='word_1_89' title='bbox 73 1647 177 1723; x_wconf 86' lang='lat' dir='ltr'><strong>teris,</strong></span> <span class='ocrx_word' id='word_1_90' title='bbox 203 1666 284 1709; x_wconf 89' lang='lat' dir='ltr'><strong>cum</strong></span> <span class='ocrx_word' id='word_1_91' title='bbox 310 1647 408 1732; x_wconf 89' lang='lat' dir='ltr'><strong>prius</strong></span> <span class='ocrx_word' id='word_1_92' title='bbox 429 1664 550 1708; x_wconf 84' lang='lat' dir='ltr'><strong>omnes</strong></span> <span class='ocrx_word' id='word_1_93' title='bbox 570 1646 665 1732; x_wconf 85' lang='lat' dir='ltr'><strong>signa</strong></span> <span class='ocrx_word' id='word_1_94' title='bbox 689 1666 751 1710; x_wconf 83' lang='lat' dir='ltr'><strong>sua</strong></span> <span class='ocrx_word' id='word_1_95' title='bbox 769 1650 1027 1735; x_wconf 80' lang='lat' dir='ltr'><strong>cognouissent,</strong></span> 
     </span>
     <span class='ocr_line' id='line_1_16' title="bbox 74 1747 1028 1836; baseline 0.003 -21"><span class='ocrx_word' id='word_1_96' title='bbox 74 1749 222 1815; x_wconf 86' lang='lat' dir='ltr'><strong>Senatus</strong></span> <span class='ocrx_word' id='word_1_97' title='bbox 247 1747 419 1825; x_wconf 82' lang='lat' dir='ltr'><strong>decernit,</strong></span> <span class='ocrx_word' id='word_1_98' title='bbox 449 1753 505 1813; x_wconf 82' lang='lat' dir='ltr'><strong>vti</strong></span> <span class='ocrx_word' id='word_1_99' title='bbox 528 1750 686 1813; x_wconf 80' lang='lat' dir='ltr'><strong>abdicato</strong></span> <span class='ocrx_word' id='word_1_100' title='bbox 714 1756 919 1836; x_wconf 74' lang='lat' dir='ltr'><strong>magistratu</strong></span> <span class='ocrx_word' id='word_1_101' title='bbox 938 1754 1028 1818; x_wconf 86' lang='lat' dir='ltr'><strong>Len·</strong></span> 
     </span>
     <span class='ocr_line' id='line_1_17' title="bbox 73 1855 1022 1933; baseline 0.004 -14"><span class='ocrx_word' id='word_1_102' title='bbox 73 1857 180 1933; x_wconf 80' lang='lat' dir='ltr'><strong>tulus,</strong></span> <span class='ocrx_word' id='word_1_103' title='bbox 210 1857 289 1917; x_wconf 84' lang='lat' dir='ltr'><strong>item</strong></span> <span class='ocrx_word' id='word_1_104' title='bbox 310 1858 410 1918; x_wconf 85' lang='lat' dir='ltr'><strong>ceteri</strong></span> <span class='ocrx_word' id='word_1_105' title='bbox 434 1859 472 1918; x_wconf 85' lang='lat' dir='ltr'><strong>in</strong></span> <span class='ocrx_word' id='word_1_106' title='bbox 498 1855 612 1919; x_wconf 83' lang='lat' dir='ltr'><strong>liberis</strong></span> <span class='ocrx_word' id='word_1_107' title='bbox 629 1857 790 1920; x_wconf 74' lang='lat' dir='ltr'><strong>cristodiis</strong></span> <span class='ocrx_word' id='word_1_108' title='bbox 809 1858 1022 1923; x_wconf 75' lang='lat' dir='ltr'><strong>haberentur.</strong></span> 
     </span>
     <span class='ocr_line' id='line_1_18' title="bbox 72 1955 1028 2050; baseline 0.001 -25"><span class='ocrx_word' id='word_1_109' title='bbox 72 1960 196 2048; x_wconf 79' lang='lat' dir='ltr'><strong>Itaque</strong></span> <span class='ocrx_word' id='word_1_110' title='bbox 217 1955 386 2023; x_wconf 89' lang='lat' dir='ltr'><strong>Lentulus</strong></span> <span class='ocrx_word' id='word_1_111' title='bbox 408 1959 444 2021; x_wconf 89' lang='lat' dir='ltr'><strong>P.</strong></span> <span class='ocrx_word' id='word_1_112' title='bbox 470 1957 621 2024; x_wconf 87' lang='lat' dir='ltr'><strong>Lentulo</strong></span> <span class='ocrx_word' id='word_1_113' title='bbox 641 1959 834 2049; x_wconf 87' lang='lat' dir='ltr'><strong>Spintheri,</strong></span> <span class='ocrx_word' id='word_1_114' title='bbox 863 1964 924 2050; x_wconf 85' lang='lat' dir='ltr'><strong>qui</strong></span> <span class='ocrx_word' id='word_1_115' title='bbox 950 1978 1028 2027; x_wconf 90' lang='lat' dir='ltr'><strong>tum</strong></span> 
     </span>
     <span class='ocr_line' id='line_1_19' title="bbox 72 2062 1026 2151; baseline 0.002 -21"><span class='ocrx_word' id='word_1_116' title='bbox 72 2062 204 2142; x_wconf 84' lang='lat' dir='ltr'><strong>aedilis,</strong></span> <span class='ocrx_word' id='word_1_117' title='bbox 231 2063 404 2151; x_wconf 85' lang='lat' dir='ltr'><strong>Cethegus</strong></span> <span class='ocrx_word' id='word_1_118' title='bbox 426 2066 468 2150; x_wconf 83' lang='lat' dir='ltr'><strong>Q.</strong></span> <span class='ocrx_word' id='word_1_119' title='bbox 490 2062 689 2144; x_wconf 87' lang='lat' dir='ltr'><strong>Cornificio,</strong></span> <span class='ocrx_word' id='word_1_120' title='bbox 712 2064 867 2130; x_wconf 83' lang='lat' dir='ltr'><strong>Statilius</strong></span> <span class='ocrx_word' id='word_1_121' title='bbox 885 2066 922 2131; x_wconf 88' lang='lat' dir='ltr'><strong>C.</strong></span> <span class='ocrx_word' id='word_1_122' title='bbox 941 2066 1026 2133; x_wconf 82' lang='lat' dir='ltr'><strong>Cne-</strong></span> 
     </span>
     <span class='ocr_line' id='line_1_20' title="bbox 71 2168 1026 2258; baseline -0.002 -21"><span class='ocrx_word' id='word_1_123' title='bbox 71 2172 159 2248; x_wconf 77' lang='lat' dir='ltr'><strong>sari,</strong></span> <span class='ocrx_word' id='word_1_124' title='bbox 204 2168 372 2235; x_wconf 83' lang='lat' dir='ltr'><strong>Gabinius</strong></span> <span class='ocrx_word' id='word_1_125' title='bbox 396 2168 446 2231; x_wconf 89' lang='lat' dir='ltr'><strong>M.</strong></span> <span class='ocrx_word' id='word_1_126' title='bbox 477 2170 617 2245; x_wconf 88' lang='lat' dir='ltr'><strong>Crasso,</strong></span> <span class='ocrx_word' id='word_1_127' title='bbox 655 2170 843 2258; x_wconf 81' lang='lat' dir='ltr'><strong>Coeperius</strong></span> <span class='ocrx_word' id='word_1_128' title='bbox 870 2176 971 2253; x_wconf 87' lang='lat' dir='ltr'><strong>(nam</strong></span> <span class='ocrx_word' id='word_1_129' title='bbox 996 2175 1026 2235; x_wconf 83' lang='lat' dir='ltr'><strong>is</strong></span> 
     </span>
     <span class='ocr_line' id='line_1_21' title="bbox 72 2271 1025 2365; baseline 0.003 -27"><span class='ocrx_word' id='word_1_130' title='bbox 72 2271 193 2365; x_wconf 83' lang='lat' dir='ltr'><strong>paullo</strong></span> <span class='ocrx_word' id='word_1_131' title='bbox 211 2287 294 2339; x_wconf 87' lang='lat' dir='ltr'><strong>ante</strong></span> <span class='ocrx_word' id='word_1_132' title='bbox 314 2294 354 2337; x_wconf 85' lang='lat' dir='ltr'><strong>ex</strong></span> <span class='ocrx_word' id='word_1_133' title='bbox 373 2271 456 2359; x_wconf 80' lang='lat' dir='ltr'><strong>fuga</strong></span> <span class='ocrx_word' id='word_1_134' title='bbox 477 2276 665 2354; x_wconf 83' lang='lat' dir='ltr'><strong>retractus)</strong></span> <span class='ocrx_word' id='word_1_135' title='bbox 695 2274 757 2339; x_wconf 87' lang='lat' dir='ltr'><strong>Cn.</strong></span> <span class='ocrx_word' id='word_1_136' title='bbox 782 2275 951 2342; x_wconf 87' lang='lat' dir='ltr'><strong>Terentio</strong></span> <span class='ocrx_word' id='word_1_137' title='bbox 973 2296 1025 2341; x_wconf 85' lang='lat' dir='ltr'><strong>se·</strong></span> 
     </span>
     <span class='ocr_line' id='line_1_22' title="bbox 72 2377 407 2447; baseline -0.012 -1"><span class='ocrx_word' id='word_1_138' title='bbox 72 2381 188 2447; x_wconf 84' lang='lat' dir='ltr'><strong>natori</strong></span> <span class='ocrx_word' id='word_1_139' title='bbox 213 2377 407 2445; x_wconf 80' lang='lat' dir='ltr'><strong>traduntur.</strong></span> 
     </span>
    </p>
   </div>
   <div class='ocr_carea' id='block_1_3' title="bbox 339 2555 800 2623">
    <p class='ocr_par' dir='ltr' id='par_1_3' title="bbox 339 2555 800 2623">
     <span class='ocr_line' id='line_1_23' title="bbox 339 2555 800 2623; baseline 0 0"><span class='ocrx_word' id='word_1_140' title='bbox 339 2555 415 2623; x_wconf 84' lang='lat' dir='ltr'><strong>CA</strong></span> <span class='ocrx_word' id='word_1_141' title='bbox 429 2557 471 2621; x_wconf 92' lang='lat' dir='ltr'><strong>P.</strong></span> <span class='ocrx_word' id='word_1_142' title='bbox 509 2555 756 2623; x_wconf 89' lang='lat' dir='ltr'><em>XXXXIV.</em></span> <span class='ocrx_word' id='word_1_143' title='bbox 797 2604 800 2609; x_wconf 84' lang='lat'>·</span> 
     </span>
    </p>
   </div>
   <div class='ocr_carea' id='block_1_4' title="bbox 70 2692 1082 3736">
    <p class='ocr_par' dir='ltr' id='par_1_4' title="bbox 70 2692 1082 3736">
     <span class='ocr_line' id='line_1_24' title="bbox 139 2692 1023 2788; baseline 0.005 -26"><span class='ocrx_word' id='word_1_144' title='bbox 139 2697 279 2763; x_wconf 81' lang='lat' dir='ltr'><strong>Interea</strong></span> <span class='ocrx_word' id='word_1_145' title='bbox 300 2692 432 2784; x_wconf 83' lang='lat' dir='ltr'><strong>plebes,</strong></span> <span class='ocrx_word' id='word_1_146' title='bbox 459 2698 696 2762; x_wconf 80' lang='lat' dir='ltr'><strong>coniuratione</strong></span> <span class='ocrx_word' id='word_1_147' title='bbox 721 2696 903 2785; x_wconf 76' lang='lat' dir='ltr'><strong>patefacta,</strong></span> <span class='ocrx_word' id='word_1_148' title='bbox 933 2716 1023 2788; x_wconf 76' lang='lat' dir='ltr'><strong>quac</strong></span> 
     </span>
     <span class='ocr_line' id='line_1_25' title="bbox 72 2800 1022 2893; baseline 0.004 -28"><span class='ocrx_word' id='word_1_149' title='bbox 72 2803 191 2893; x_wconf 77' lang='lat' dir='ltr'><strong>primu</strong></span> <span class='ocrx_word' id='word_1_150' title='bbox 203 2800 327 2891; x_wconf 84' lang='lat' dir='ltr'><strong>cupida</strong></span> <span class='ocrx_word' id='word_1_151' title='bbox 344 2823 464 2867; x_wconf 85' lang='lat' dir='ltr'><strong>rerum</strong></span> <span class='ocrx_word' id='word_1_152' title='bbox 482 2814 674 2880; x_wconf 80' lang='lat' dir='ltr'><strong>nouarum,</strong></span> <span class='ocrx_word' id='word_1_153' title='bbox 690 2807 794 2867; x_wconf 89' lang='lat' dir='ltr'><strong>nimis</strong></span> <span class='ocrx_word' id='word_1_154' title='bbox 812 2800 905 2868; x_wconf 88' lang='lat' dir='ltr'><strong>bello</strong></span> <span class='ocrx_word' id='word_1_155' title='bbox 923 2801 1022 2869; x_wconf 83' lang='lat' dir='ltr'><strong>faue-</strong></span> 
     </span>
     <span class='ocr_line' id='line_1_26' title="bbox 70 2902 1019 2989; baseline 0.002 -17"><span class='ocrx_word' id='word_1_156' title='bbox 70 2902 144 2985; x_wconf 76' lang='lat' dir='ltr'><strong>=bat,</strong></span> <span class='ocrx_word' id='word_1_157' title='bbox 173 2922 307 2972; x_wconf 86' lang='lat' dir='ltr'><strong>mutata</strong></span> <span class='ocrx_word' id='word_1_158' title='bbox 330 2923 459 2983; x_wconf 88' lang='lat' dir='ltr'><strong>mente,</strong></span> <span class='ocrx_word' id='word_1_159' title='bbox 488 2903 654 2971; x_wconf 82' lang='lat' dir='ltr'><strong>Catilinae</strong></span> <span class='ocrx_word' id='word_1_160' title='bbox 676 2905 816 2972; x_wconf 87' lang='lat' dir='ltr'><strong>consilia</strong></span> <span class='ocrx_word' id='word_1_161' title='bbox 839 2910 1019 2989; x_wconf 62' lang='lat' dir='ltr'><strong>‹utsecruri¹</strong></span> 
     </span>
     <span class='ocr_line' id='line_1_27' title="bbox 73 3006 1082 3094; baseline 0.003 -18"><span class='ocrx_word' id='word_1_162' title='bbox 73 3008 278 3077; x_wconf 85' lang='lat' dir='ltr'><strong>Ciceronem</strong></span> <span class='ocrx_word' id='word_1_163' title='bbox 292 3010 335 3075; x_wconf 90' lang='lat' dir='ltr'><strong>ad</strong></span> <span class='ocrx_word' id='word_1_164' title='bbox 349 3008 487 3076; x_wconf 87' lang='lat' dir='ltr'><strong>coelum</strong></span> <span class='ocrx_word' id='word_1_165' title='bbox 500 3006 642 3088; x_wconf 83' lang='lat' dir='ltr'><strong>tollere3</strong></span> <span class='ocrx_word' id='word_1_166' title='bbox 672 3008 780 3077; x_wconf 86' lang='lat' dir='ltr'><strong>veluti</strong></span> <span class='ocrx_word' id='word_1_167' title='bbox 797 3033 837 3076; x_wconf 87' lang='lat' dir='ltr'><strong>ex</strong></span> <span class='ocrx_word' id='word_1_168' title='bbox 850 3018 1021 3079; x_wconf 85' lang='lat' dir='ltr'><strong>seruitute</strong></span> <span class='ocrx_word' id='word_1_169' title='bbox 1078 3088 1082 3094; x_wconf 31' lang='lat'>¹</span> 
     </span>
     <span class='ocr_line' id='line_1_28' title="bbox 73 3112 1018 3205; baseline -0.002 -23"><span class='ocrx_word' id='word_1_170' title='bbox 73 3132 194 3205; x_wconf 84' lang='lat' dir='ltr'><strong>erepta</strong></span> <span class='ocrx_word' id='word_1_171' title='bbox 206 3113 370 3205; x_wconf 84' lang='lat' dir='ltr'><strong>gaudium</strong></span> <span class='ocrx_word' id='word_1_172' title='bbox 383 3132 488 3205; x_wconf 86' lang='lat' dir='ltr'><strong>atque</strong></span> <span class='ocrx_word' id='word_1_173' title='bbox 504 3112 672 3179; x_wconf 82' lang='lat' dir='ltr'><strong>laetitiam</strong></span> <span class='ocrx_word' id='word_1_174' title='bbox 686 3114 871 3204; x_wconf 79' lang='lat' dir='ltr'><strong>agitabant.</strong></span> <span class='ocrx_word' id='word_1_175' title='bbox 910 3117 1018 3182; x_wconf 53' lang='lat' dir='ltr'><strong>Nam*</strong></span> 
     </span>
     <span class='ocr_line' id='line_1_29' title="bbox 73 3216 1018 3312; baseline 0 -27"><span class='ocrx_word' id='word_1_176' title='bbox 73 3242 142 3310; x_wconf 86' lang='lat' dir='ltr'><strong>que</strong></span> <span class='ocrx_word' id='word_1_177' title='bbox 163 3219 228 3285; x_wconf 78' lang='lat' dir='ltr'><strong>elia</strong></span> <span class='ocrx_word' id='word_1_178' title='bbox 252 3218 335 3285; x_wconf 85' lang='lat' dir='ltr'><strong>belli</strong></span> <span class='ocrx_word' id='word_1_179' title='bbox 353 3221 505 3287; x_wconf 83' lang='lat' dir='ltr'><strong>facinora</strong></span> <span class='ocrx_word' id='word_1_180' title='bbox 523 3218 671 3310; x_wconf 83' lang='lat' dir='ltr'><strong>praedae</strong></span> <span class='ocrx_word' id='word_1_181' title='bbox 689 3226 808 3312; x_wconf 81' lang='lat' dir='ltr'><strong>magis,</strong></span> <span class='ocrx_word' id='word_1_182' title='bbox 836 3242 940 3311; x_wconf 88' lang='lat' dir='ltr'><strong>quam</strong></span> <span class='ocrx_word' id='word_1_183' title='bbox 963 3216 1018 3285; x_wconf 75' lang='lat' dir='ltr'><strong>de</strong></span> 
     </span>
     <span class='ocr_line' id='line_1_30' title="bbox 72 3320 1076 3408; baseline 0.002 -17"><span class='ocrx_word' id='word_1_184' title='bbox 72 3329 258 3405; x_wconf 77' lang='lat' dir='ltr'><strong>ti&#39;iment03</strong></span> <span class='ocrx_word' id='word_1_185' title='bbox 291 3325 490 3392; x_wconf 86' lang='lat' dir='ltr'><strong>incendium</strong></span> <span class='ocrx_word' id='word_1_186' title='bbox 514 3346 595 3392; x_wconf 83' lang='lat' dir='ltr'><strong>vero</strong></span> <span class='ocrx_word' id='word_1_187' title='bbox 622 3325 780 3408; x_wconf 86' lang='lat' dir='ltr'><strong>crudele,</strong></span> <span class='ocrx_word' id='word_1_188' title='bbox 812 3320 1018 3391; x_wconf 78' lang='lat' dir='ltr'><strong>immoders·</strong></span> <span class='ocrx_word' id='word_1_189' title='bbox 1073 3388 1076 3393; x_wconf 91' lang='grc'><em>,</em></span> 
     </span>
     <span class='ocr_line' id='line_1_31' title="bbox 71 3429 1016 3522; baseline -0.002 -26"><span class='ocrx_word' id='word_1_190' title='bbox 71 3444 162 3508; x_wconf 86' lang='lat' dir='ltr'><strong>tum,</strong></span> <span class='ocrx_word' id='word_1_191' title='bbox 177 3452 218 3496; x_wconf 86' lang='lat' dir='ltr'><strong>ac</strong></span> <span class='ocrx_word' id='word_1_192' title='bbox 231 3430 297 3495; x_wconf 87' lang='lat' dir='ltr'><strong>sibi</strong></span> <span class='ocrx_word' id='word_1_193' title='bbox 310 3444 468 3498; x_wconf 82' lang='lat' dir='ltr'><strong>maxume</strong></span> <span class='ocrx_word' id='word_1_194' title='bbox 481 3429 720 3498; x_wconf 76' lang='lat' dir='ltr'><strong>calamitosum</strong></span> <span class='ocrx_word' id='word_1_195' title='bbox 734 3430 893 3522; x_wconf 81' lang='lat' dir='ltr'><strong>putabat:</strong></span> <span class='ocrx_word' id='word_1_196' title='bbox 916 3433 1016 3521; x_wconf 86' lang='lat' dir='ltr'><strong>quip-</strong></span> 
     </span>
     <span class='ocr_line' id='line_1_32' title="bbox 70 3532 1017 3627; baseline -0.001 -26"><span class='ocrx_word' id='word_1_197' title='bbox 70 3556 118 3625; x_wconf 83' lang='lat' dir='ltr'><strong>pe</strong></span> <span class='ocrx_word' id='word_1_198' title='bbox 137 3540 198 3601; x_wconf 92' lang='lat' dir='ltr'><strong>cui</strong></span> <span class='ocrx_word' id='word_1_199' title='bbox 216 3548 336 3601; x_wconf 82' lang='lat' dir='ltr'><strong>omnes</strong></span> <span class='ocrx_word' id='word_1_200' title='bbox 360 3540 478 3627; x_wconf 87' lang='lat' dir='ltr'><strong>copiae</strong></span> <span class='ocrx_word' id='word_1_201' title='bbox 503 3544 542 3603; x_wconf 87' lang='lat' dir='ltr'><strong>in</strong></span> <span class='ocrx_word' id='word_1_202' title='bbox 561 3560 623 3604; x_wconf 85' lang='lat' dir='ltr'><strong>vsu</strong></span> <span class='ocrx_word' id='word_1_203' title='bbox 644 3536 845 3627; x_wconf 87' lang='lat' dir='ltr'><strong>quotidiano</strong></span> <span class='ocrx_word' id='word_1_204' title='bbox 862 3550 900 3601; x_wconf 84' lang='lat' dir='ltr'><strong>et</strong></span> <span class='ocrx_word' id='word_1_205' title='bbox 917 3532 1017 3603; x_wconf 88' lang='lat' dir='ltr'><strong>cultu</strong></span> 
     </span>
     <span class='ocr_line' id='line_1_33' title="bbox 71 3640 1018 3736; baseline -0.002 -29"><span class='ocrx_word' id='word_1_206' title='bbox 71 3643 228 3731; x_wconf 81' lang='lat' dir='ltr'><strong>corporis</strong></span> <span class='ocrx_word' id='word_1_207' title='bbox 244 3656 352 3709; x_wconf 80' lang='lat' dir='ltr'><strong>erant</strong></span> <span class='ocrx_word' id='word_1_208' title='bbox 400 3643 482 3711; x_wconf 88' lang='lat' dir='ltr'><strong>Post</strong></span> <span class='ocrx_word' id='word_1_209' title='bbox 498 3664 580 3711; x_wconf 90' lang='lat' dir='ltr'><strong>eum</strong></span> <span class='ocrx_word' id='word_1_210' title='bbox 599 3641 691 3709; x_wconf 86' lang='lat' dir='ltr'><strong>diem</strong></span> <span class='ocrx_word' id='word_1_211' title='bbox 710 3640 851 3736; x_wconf 76' lang='lat' dir='ltr'><strong>quidam</strong></span> <span class='ocrx_word' id='word_1_212' title='bbox 869 3641 911 3707; x_wconf 78' lang='lat' dir='ltr'><strong>L.</strong></span> <span class='ocrx_word' id='word_1_213' title='bbox 927 3642 1018 3707; x_wconf 75' lang='lat' dir='ltr'><strong>Tat-</strong></span> 
     </span>
    </p>
   </div>
   <div class='ocr_carea' id='block_1_5' title="bbox 0 0 1134 3998">
    <p class='ocr_par' dir='ltr' id='par_1_5' title="bbox 0 0 1134 3998">
     <span class='ocr_line' id='line_1_34' title="bbox 0 0 1134 3998; baseline 0 0"><span class='ocrx_word' id='word_1_214' title='bbox 0 0 1134 3998; x_wconf 95' lang='lat' dir='ltr'><strong> </strong></span> 
     </span>
    </p>
   </div>
  </div>
 </body>
</html>
