2258 3998
306 100 802 210 IYGVRTHINVM.
913 164 915 168 .
970 104 1035 175 155

75 283 247 349 magnam
270 261 406 348 copiam
431 262 601 324 societatis
619 263 860 353 amniumque
885 267 1030 329 mian.

70 367 220 456 gendae,
246 387 339 455 quae
355 368 475 453 pocior,
495 365 581 429 bello
600 383 702 444 essem
724 390 939 459 quanquam
961 371 1030 458 opi·

73 476 137 539 bus
157 471 351 557 confideret,
379 493 451 534 non
473 471 588 543 debere
608 474 738 537 incerta
748 497 813 562 pro
837 478 936 539 certis
957 498 1027 539 mu·

71 598 164 645 tare.-
189 599 291 640 omne
311 576 438 645 bellum
455 579 547 641 sumi
556 575 681 665 focile,
707 597 856 645 ceterum
869 602 1026 665 negerru·
1065 640 1068 647 .

69 709 126 750 me
149 683 301 749 desinere
306 705 320 757 ;
362 705 434 745 non
460 685 498 745 in
523 682 672 746 eiusdem
694 701 860 771 potestate
885 688 1026 749 initium

68 794 144 857 eius
171 806 208 852 et
219 786 336 875 finem
357 809 446 852 esse:
474 791 622 876 incipere
644 790 766 867 cuiuis,
795 793 901 857 etiam
924 793 1024 875 tgna·

68 919 115 961 vo
139 896 255 970 licere;
284 892 421 980 deponi,
453 915 531 957 cum
557 896 702 958 uictores
727 895 847 958 uelint.
878 894 1025 984 proinde

65 1003 136 1066 sibi
162 1020 333 1087 regnoque
359 1000 568 1073 consulerem
600 1021 668 1062 neu
685 999 846 1084 florentis
869 1023 921 1064 res
942 1021 1024 1067 suat

65 1129 148 1175 oum
174 1100 367 1190 Iugurthae
393 1103 538 1191 perdius
568 1105 728 1168 misceret.
757 1182 760 1189 Ι
800 1102 857 1169 Ad
890 1126 931 1169 ea
962 1126 1023 1170 rex

63 1216 148 1290 satis
167 1205 304 1297 placide
326 1205 428 1273 verba
450 1206 551 1274 fecit:
583 1231 652 1272 sese
670 1231 791 1296 pacem
812 1232 941 1296 cupere,
963 1209 1023 1274 sed

63 1314 260 1404 Iugurthae
288 1311 519 1401 fhrturzarum
553 1316 712 1376 misereri.
756 1317 789 1376 si
814 1315 932 1380 eadem
965 1316 1022 1379 illi

63 1424 165 1509 copia
179 1418 295 1506 fieret,
320 1420 440 1481 omnin
469 1435 694 1481 conuentura.
750 1418 881 1483 Rursus
908 1424 1019 1509 impe-

61 1540 161 1593 rator
195 1537 316 1590 contra
347 1517 522 1609 postulata
554 1520 683 1585 Bocchi
716 1528 861 1587 nuncios
891 1529 1012 1589 mittit.

61 1628 125 1697 ille
150 1627 310 1718 probare,
336 1631 466 1715 partim
488 1623 650 1691 abnuere.
706 1625 758 1691 Eo
774 1625 886 1692 'modo
916 1650 1017 1718 saepe

60 1735 106 1803 ab
130 1749 277 1823 utroque
309 1736 420 1796 missis
452 1736 673 1820 remissisque
706 1737 843 1797 nunciis
877 1747 1016 1822 tempus

59 1837 265 1933 procedere,
293 1852 341 1915 et,
366 1858 407 1903 ex
427 1833 565 1902 Metelli
585 1833 777 1916 voluntate,
809 1834 941 1903 bellum
962 1841 1014 1902 in·

60 1961 197 2014 tactum
216 1941 319 2008 trahi.

363 2121 436 2189 oA
448 2123 490 2189 P.
533 2121 702 2188 LXXX.

126 2265 177 2331 At
193 2263 340 2342 Marius,
370 2277 407 2328 vt
430 2259 714 2351 supradiximus,
739 2266 1013 2350 cupientissuma

56 2367 162 2463 plebe
191 2367 324 2435 Consul
350 2367 458 2433 factus
468 2415 480 2448 ,
521 2382 708 2458 postquam
734 2373 767 2432 ei
792 2373 1012 2456 prouinciam

55 2474 264 2543 Numidiam
293 2472 443 2564 populus
476 2478 594 2537 iussit:
636 2487 739 2538 antea
769 2478 840 2539 iem
865 2472 1010 2538 infestus

55 2579 246 2658 nobilitati,
274 2595 351 2649 tum
370 2603 452 2645 vero
470 2577 601 2643 multus
619 2594 723 2668 atque
744 2578 1006 2660 ferox1instare3

54 2682 209 2775 singulos
233 2683 355 2762 modo,
384 2684 488 2749 modo
513 2689 691 2750 vniuersos
716 2682 873 2760 laedero;
905 2681 1008 2748 dicti·

53 2807 151 2870 tare,
176 2813 246 2855 sese
271 2774 488 2854 consulatum
517 2813 562 2853 esc
585 2793 688 2853 utens
716 2792 787 2853 illis
815 2790 927 2876 spolio
956 2811 1008 2853 ce·

49 2900 161 2988 pisse5
184 2893 258 2967 ¹alia
285 2912 463 2985 praeterea
491 2893 675 2984 magnifica
701 2917 768 2983 pro
795 2916 848 2973 se,
877 2909 912 2960 et
936 2890 1006 2959 illis

51 3000 219 3068 dolentia.
269 3001 425 3080 Interim,
454 3023 540 3090 quae
565 2996 765 3089 belloopus
794 3013 904 3076 erant,
933 3003 1007 3087 pri·

52 3129 112 3173 ma
125 3107 267 3183 habere;
292 3105 469 3193 postulare
489 3103 685 3194 legionibus
706 3102 1003 3196 supplementum,
1064 3128 1070 3139 ¹

50 3209 179 3277 auxilia
203 3235 223 3274 a
245 3207 383 3298 populis
406 3225 442 3275 et
467 3209 605 3298 regibus
622 3213 792 3300 sociisque
815 3229 984 3275 arcessere
991 3230 1005 3283 ;⁴

49 3331 233 3409 praeterea
260 3337 301 3378 ex
325 3313 427 3379 Latio
448 3313 689 3381 fortissumum
713 3336 898 3405 quemque,
934 3309 1005 3402 ple·
1070 3312 1078 3331 ¹

49 3441 177 3509 rosque
207 3417 373 3498 militiae,
411 3442 539 3509 paucos
570 3421 661 3486 fama
688 3425 846 3508 cognitos
876 3425 1001 3496 occire,

48 3540 88 3593 et
120 3524 307 3591 ambiendo
342 3549 466 3616 cogere
495 3527 655 3593 homines
687 3529 842 3591 emeritis
877 3527 1003 3612 stipen-

45 3628 116 3698 dns
149 3637 289 3714 (secum
317 3629 524 3723 proficisci..)
592 3631 717 3721 Neque
757 3627 811 3695 illi
848 3642 999 3707 senatus,
