2258 3998
263 109 777 183 CATtLINAntn
958 110 1011 196 ιβ’

55 270 119 335 bus
131 271 173 334 in
187 292 246 335 eas
265 268 618 343 animaduerteretur?
641 270 714 350 An,
741 271 828 361 quia
841 270 898 335 lex
917 268 1004 335 Por-

54 379 112 439 cia
136 372 263 439 vetat?
297 392 338 439 at
356 376 449 439 aliae
473 378 561 463 leges
578 381 658 441 item
674 376 909 440 condemnatis
924 377 1006 439 ciui·

54 482 118 545 bus
148 482 306 543 animam
330 503 403 544 non
427 485 527 572 eripi,
569 483 629 546 sed
658 483 821 545 exsilium
851 483 1007 569 permitti

54 586 183 651 iubent.
230 583 305 664 An,
331 588 415 674 quia
436 591 583 673 grauius
609 604 660 651 est
680 587 863 663 verberari,
896 608 1011 674 qnam·

51 687 199 763 necari?
227 691 316 779 quid
342 709 457 759 autem
478 694 651 771 acerbum,
686 710 751 755 aut
768 713 879 776 graue
902 694 1006 757 nimis

56 800 97 861 in
123 794 279 867 homines
296 800 388 861 tanti
403 797 578 886 facinoris
602 792 804 861 conuictos?
832 797 896 859 Sin
918 800 1005 883 quia

56 902 172 967 leuius
179 924 195 977 ,·
226 904 291 990 qui
322 906 485 967 conuenit
509 908 547 967 in
574 905 705 965 minore
738 904 871 987 negotio
899 903 1006 987 Iegem

56 1010 188 1085 timere,
216 1028 294 1069 enm
306 1030 383 1069 eam
403 1009 441 1069 in
459 1008 588 1071 maiore
608 1004 826 1093 neglexeris?
846 1006 899 1070 At
913 1011 1006 1071 enim

57 1114 139 1202 quit
161 1110 388 1198 reprehendet,
417 1111 513 1201 quod
532 1115 571 1175 in
587 1112 780 1200 parricidas
802 1112 1007 1203 reipublicae

57 1217 229 1281 decretum
255 1213 349 1279 erit?
375 1234 516 1305 tempus,
541 1217 628 1295 dies,
641 1215 804 1307 fhrtttna,
833 1219 1006 1282 euinslu·

58 1321 138 1385 bt'da
158 1322 316 1407 gentibus
341 1321 544 1385 moderatur.
614 1322 695 1385 Illis
717 1324 835 1385 merito
866 1322 1004 1400 accidit,

57 1425 236 1517 quidquid
259 1429 428 1501 euenerit:
455 1444 600 1489 ceterum
624 1448 697 1503 vos,
724 1425 846 1489 Patres
868 1429 1009 1489 conseri·

55 1528 122 1622 pti,
153 1530 243 1620 quid
257 1533 296 1591 in
308 1531 399 1593 alios
413 1532 583 1607 statuatis,
610 1529 827 1593 considerate.
879 1530 1009 1594 Omnia

59 1636 159 1711 mala
184 1636 408 1723 exemplam
434 1635 531 1699 bonis
546 1652 623 1698 orta
639 1652 743 1699 sunt.-
779 1633 839 1701 sed
860 1635 922 1698 vbi
945 1639 1009 1699 im·

56 1746 195 1833 perium
218 1741 268 1805 ad
290 1743 448 1826 ignaros,
481 1744 683 1805 autminus
705 1742 807 1805 bonas
826 1743 987 1829 peruenit
992 1766 1008 1821 ,·

62 1871 196 1915 nouum
222 1846 313 1910 illud
336 1846 568 1935 (exemplum)
600 1848 645 1911 ab
673 1846 790 1932 dignis
820 1863 853 1909 et
879 1845 1010 1909 idoneis

64 1954 114 2019 ad
132 1952 295 2038 indignas
319 1967 353 2015 et
377 1975 449 2016 non
463 1950 612 2021 idoneos
637 1950 846 2041 transfertur.
903 1950 1010 2061 Lace-

64 2036 251 2137 daemonii,
278 2056 419 2135 deuictis
440 2055 505 2123 At
502 2059 718 2134 remensibus,
748 2058 893 2142 triginta
918 2046 1012 2119 uires

63 2169 270 2255 imposuere,
309 2166 373 2252 qui
396 2163 638 2251 rempublicam
666 2182 782 2225 earum
811 2176 1006 2225 tractarent.

64 2271 118 2337 Hi
132 2273 246 2359 prime
264 2290 396 2356 coepere
408 2288 604 2355 pessumum
622 2287 791 2356 quemque
808 2282 842 2329 et
856 2267 1012 2331 omnibus

64 2378 221 2447 inuitum
239 2373 479 2439 indemnatum
500 2393 629 2437 necare.
658 2393 699 2435 ea
720 2370 870 2459 populus
890 2371 1014 2433 laetari

62 2498 100 2547 et
112 2483 232 2545 merito
248 2479 359 2569 dicere
364 2476 457 2564 fieri.
506 2478 601 2555 Post,
630 2477 692 2539 vbi
706 2475 895 2565 paullatim
914 2477 1015 2540 licen·

63 2589 117 2651 tia
134 2586 254 2660 creuit,·
282 2586 383 2648 iuxta
403 2585 505 2647 bonos
521 2600 556 2646 et
571 2583 680 2646 malos
699 2580 924 2645 lubidinose
909 2599 1014 2645 triten

54 2690 178 2780 ficere,
206 2706 329 2753 ceteros
343 2706 434 2753 nrecu
451 2706 578 2752 terrere.
626 2688 686 2751 Ita
699 2689 834 2766 ciuitas,
854 2689 1016 2753 seruiaue

65 2816 243 2885 oppressa,
284 2795 410 2859 stultae
437 2795 588 2858 laetitiae
609 2793 731 2878 granu
755 2814 886 2880 poenae
908 2793 1009 2857 dediti

66 2901 201 2970 Nostra
220 2903 395 2980 memorra,
423 2901 535 2963 victur
553 2899 652 2963 Sulla
670 2920 748 2963 cum
759 2898 1016 2986 Damasippum

68 3022 103 3071 et
123 3003 215 3068 alios
241 3004 454 3083 buizumodi,
482 3004 548 3095 qui
567 3004 659 3066 malo
681 3002 885 3089 reipublicae
905 3024 1017 3069 creue-

70 3127 164 3189 rant,
188 3111 344 3195 iugulari
362 3113 474 3189 iussit,
498 3112 578 3200 quis
602 3132 673 3171 nort
687 3106 829 3195 fhctum
847 3108 921 3172 eius
940 3106 1017 3170 lau-

69 3211 200 3281 dabat?
229 3214 384 3279 homines
402 3217 571 3294 scelestos,
588 3212 775 3303 factiosos,
800 3212 867 3302 qui
880 3210 1017 3274 seditio·

60 3308 174 3385 'nibus
187 3320 429 3408 rempublicam
447 3325 722 3407 eaeagitauerant,
749 3318 868 3380 merita
882 3332 1019 3379 necatos

70 3424 223 3489 aiebant.
270 3424 339 3491 Sed
353 3447 396 3489 ea
416 3448 467 3491 res
483 3446 632 3510 magnae
651 3423 792 3488 initium
810 3416 1013 3508 cladisfuit.

72 3528 173 3597 Nam
193 3528 250 3592 vti
268 3532 414 3620 quisque
433 3528 583 3611 domum,
610 3546 675 3593 aut
688 3527 825 3603 villam,
850 3542 1019 3613 postremo

71 3648 231 3716 autaas,
256 3650 323 3701 aut
335 3638 575 3705 vatimenmm
596 3634 746 3699 alicuius
765 3633 1021 3722 concupiuerac,
