2258 3998
302 70 861 197 ᾳΑΤιωΝΑΒιΑᾋ
996 108 1040 176 53

252 221 258 230 ’
419 242 703 335 caetris.

156 375 372 461 (lampertum
396 397 456 460 ego
485 375 604 453 liabeo,
618 376 771 452 ¹milites,
799 376 903 438 verba
927 378 1036 438 virtu·

86 494 154 539 tem
183 499 256 541 non
287 477 410 542 addere
420 504 434 554 ;
478 503 586 568 neque
615 502 659 543 esc
690 484 820 566 ignauo
847 498 1034 557 strenuum,

85 604 197 671 neque
215 581 346 679 fortem
371 606 416 646 esc
438 585 558 649 timido
579 588 766 650 exercitum
791 588 946 648 oratione
972 587 1037 646 im·

79 689 251 776 potatoris
265 686 360 774 steri.
427 690 568 778 Quanta
593 693 757 779 cuiusque
784 693 901 753 animo
927 688 1036 751 auda·

84 796 141 856 cia
165 809 312 871 natura,
355 811 420 856 aut
441 796 592 858 moribus
620 799 717 873 iuest,
760 812 859 858 tauta
886 798 924 856 in
950 793 1060 856 bella

79 915 198 987 patere
217 898 308 961 solet.
336 921 439 987 quem
464 923 574 989 neque
593 901 719 986 glorta,
752 922 861 987 aeque
879 898 1036 988 pericula

83 1006 249 1082 excitant,
285 1003 522 1094 nequidquam
544 1005 692 1070 liortere:
720 1008 823 1068 timor
842 1007 956 1069 animi
979 1025 1037 1066 azo

84 1109 179 1172 ribus
205 1107 325 1195 obficit.
388 1109 454 1173 Sed
483 1133 543 1197 ego
569 1133 647 1191 vos,
681 1134 749 1200 quo
771 1132 888 1198 pauca
921 1130 1036 1175 moac-
1092 1140 1095 1145 ·

85 1238 167 1293 rem,
196 1214 388 1290 aduocoui5
415 1217 521 1287 simul
542 1221 596 1281 vti
617 1239 773 1291 caussam
796 1215 934 1279 consilii
949 1236 1036 1302 ape·

84 1324 195 1385 rirem.
246 1323 346 1386 Scitis
371 1321 544 1412 equidem,
581 1325 723 1401 milites,
752 1321 903 1385 secordia
922 1338 1036 1409 atque

10 1436 14 1441 ’
82 1427 400 1519 ignauia'Leatuli
425 1444 595 1515 quautam
623 1430 690 1515 ipsi
712 1427 844 1491 cladem
872 1426 1035 1513 nobisque

82 1533 256 1613 attulerit,·
283 1554 419 1621 quoque
444 1532 556 1610 moda,
584 1531 669 1597 dum
693 1554 737 1599 esc
758 1532 839 1595 vrbe
858 1529 1035 1618 praesidia

81 1640 249 1727 opperior,
266 1640 303 1727 iri
317 1634 475 1700 Galliam
484 1636 659 1725 proficisci
670 1638 895 1726 nequiuerint.
925 1635 970 1701 N
967 1642 1035 1698 ttae

82 1766 153 1833 qua
172 1746 210 1805 ia
231 1743 302 1807 loco
319 1766 370 1807 res
390 1759 525 1807 nostrae
541 1745 630 1831 sirit,
643 1746 753 1831 tucca
769 1764 902 1809 mecum
919 1761 1035 1805 omnes

82 1849 290 1935 intellegitis.
361 1849 544 1912 Exercitus
570 1849 718 1933 hostium
749 1848 833 1925 duo,
871 1869 963 1909 vulis
990 1846 1035 1908 ab

81 1955 175 2032 vrbe,
205 1955 294 2017 alter
309 1975 332 2016 a
351 1953 474 2019 Gallia
491 1955 646 2030 obstant;
671 1955 802 2019 diutius
822 1955 861 2016 iri
882 1952 937 2015 liis
952 1953 1035 2015 locis

80 2084 166 2139 esse,
192 2063 224 2123 si
249 2082 413 2123 maxume
437 2063 577 2124 animus
594 2059 710 2148 flerat,
733 2057 910 2147 frumenti
931 2073 1035 2144 atque

81 2168 236 2230 aliarum
255 2187 369 2228 rerum
387 2182 514 2250 egestas
525 2165 690 2252 prohibet.
744 2164 965 2253 Quocumque
985 2163 1034 2225 ire

77 2272 207 2360 placet,
226 2269 424 2359 ferro·,icer
444 2270 674 2358 aperiundum
700 2286 756 2332 est.
821 2269 1036 2356 Quapropter¹

80 2399 144 2441 vos
168 2399 299 2455 moueo,
335 2379 389 2439 oti
407 2375 500 2466 sorti
524 2392 628 2464 atque
649 2391 773 2463 parato
800 2376 918 2436 auimo
937 2374 1011 2434 sitis
1018 2395 1032 2443 ,-

79 2500 128 2563 et,
153 2504 232 2544 cum
247 2482 421 2569 praelium
443 2482 588 2557 inibitis,
612 2481 844 2557 memineritis,
860 2499 927 2539 vos
947 2476 1032 2538 diui-

41 2608 44 2613 ·
79 2591 161 2665 tias,
187 2587 299 2663 decus,
324 2588 490 2671 gloriam,
516 2602 691 2674 praeterea
715 2585 905 2657 libertatem
928 2599 1032 2670 atque

74 2695 231 2783 patriam
255 2694 295 2754 ia
312 2691 441 2757 dextris
453 2709 598 2779 portare.
649 2692 688 2754 Si
704 2692 888 2767 vincimus,
912 2689 1035 2771 omnia,

62 2799 294 2877 uobiscum,
331 2814 537 2883 commeatus
565 2795 718 2881 abunde,
747 2795 901 2859 coloniae
928 2811 1032 2880 acque

78 2905 271 2990 municipia
284 2903 458 2991 patebunt.
487 2904 543 2965 sin
569 2882 661 2979 metu
679 2903 883 2978 cesserimus,
912 2898 1031 2963 eadem

78 3009 144 3071 illa
165 3007 314 3075 aduorsa
327 3006 447 3094 stunt5
484 3029 594 3095 neque
622 3007 731 3084 mous,
765 3029 875 3094 aeque
898 3007 1031 3067 amicus

76 3116 264 3202 quisquam
278 3130 378 3199 teget,
408 3097 510 3202 quem
525 3133 625 3175 arma
638 3135 709 3174 uon
726 3115 880 3198 texerint.
921 3109 1029 3172 Prae·
1054 3108 1058 3113 ’

77 3235 195 3305 terea,¹
212 3219 348 3296 milites,
378 3239 450 3279 noa
470 3216 589 3281 eadem
614 3217 710 3279 uobis
737 3233 771 3280 ct
791 3218 861 3280 illis
888 3215 1028 3277 necessi·

77 3321 159 3387 cudo
181 3321 359 3410 impendet.
379 3344 442 3384 rios
456 3344 519 3410 pro
536 3324 665 3410 patria,
691 3344 755 3409 pro
779 3323 940 3397 libertato,
963 3312 1027 3406 pro

76 3430 154 3491 vita
178 3443 365 3504 'certamus;
396 3427 467 3490 illis
490 3447 784 3516 superuacaneum
805 3442 856 3489 est
871 3445 1029 3513 pugnare

71 3554 138 3621 pro
157 3535 313 3620 potentia
334 3554 534 3621 paucorum.
588 3532 663 3619 Quo
686 3530 862 3624 audacius,
876 3529 1029 3615 adgredi·

75 3638 177 3716 mini,
211 3659 372 3703 memores
389 3641 558 3725 pristinae
585 3638 734 3700 uirtutis.
789 3634 907 3700 Licuit
932 3634 1029 3697 uobis
1106 3654 1109 3667 ·
