2258 3998
290 104 782 183 wevarrnrsvu.
955 115 1037 207 ισθ-

64 285 182 337 terum
213 265 257 335 ad
283 265 517 336 simulandam
544 290 685 364 paoem,
718 273 817 336 cuius
838 267 1015 353 Numida,

63 373 216 441 defessus
248 370 358 456 bello,
390 372 639 458 auidissumus,
681 396 770 466 quae
805 375 901 443 vtilia
933 383 1015 457 visa,

62 486 293 578 constituunt.
330 481 395 562 lte,
419 486 616 574 oomposito
635 478 731 564 dole,
759 478 1012 572 digrediunmr.
1072 560 1080 578 ἱ

241 722 245 731 .
312 714 326 727 ..
362 626 495 729 ora.
542 622 705 727 orror.

30 796 33 803 “
130 796 181 864 At
203 820 265 866 rex
287 802 428 889 postero
454 797 512 865 die
537 797 721 890 Asparem,
750 799 939 890 Iugurthae
966 797 1015 866 le·

62 919 196 995 gamm,
231 900 404 1005 adpelletr
447 906 515 977 sibi
530 924 597 994 per
623 906 799 972 Dabarem
836 926 881 972 ex
916 905 1017 970 Sulla

64 1013 262 1108 qogm'tum,
309 1032 408 1099 posse
451 1010 703 1076 condicionibus
739 1011 867 1076 bellum
897 1011 1016 1098 'porris

63 1115 286 1204 quemobrem
311 1118 399 1202 regis
416 1118 475 1179 siri
491 1121 695 1181 sententiam
718 1121 919 1206 exquireret.
954 1111 1018 1178 ille
1046 1188 1054 1203 .

63 1214 174 1283 laetus
209 1222 246 1284 in
279 1230 397 1286 eastre
416 1219 606 1310 Iugurthae
631 1223 736 1286 venit.
807 1218 946 1285 Deinde
974 1216 1017 1283 ab

63 1320 129 1416 silo
162 1341 289 1391 cuncta
321 1322 483 1403 edoctus,
527 1341 716 1415 properato
750 1330 895 1403 itinere,
937 1336 1019 1414 post

45 1426 160 1495 ,diem
188 1446 353 1497 octauum
383 1427 475 1497 redit
505 1430 548 1496 ad
570 1429 773 1529 rochum,
805 1446 842 1495 et
869 1432 903 1494 ei
928 1449 1017 1492 nun·

62 1540 151 1601 ciat:
189 1535 398 1623 Iugurtham
427 1557 547 1624 cupere
577 1538 715 1613 ommia,
755 1556 846 1624 quae
877 1537 1018 1621 impera·

64 1659 193 1727 rummr,
227 1639 350 1732 faeere
355 1666 370 1718 ,·
414 1640 474 1705 sed
512 1642 631 1705 Mario
667 1662 795 1730 parum
830 1638 1017 1731 confidere.-
1078 1680 1081 1685 -

62 1766 165 1834 saepe
186 1764 291 1810 orceo
318 1770 395 1811 cum
420 1746 679 1836 imperatoribus
707 1746 875 1812 Romanis
897 1765 1018 1832 pocom

64 1870 272 1915 eontiencam
288 1850 426 1944 frumo
446 1852 570 1943 ficisse.
622 1855 778 1918 Ceterum
801 1854 834 1915 si
856 1848 1018 1914 ambobus
1080 1884 1082 1888 ⁷

64 1959 259 2024 consultum
275 1975 310 2021 ec
334 1976 445 2021 rotem
463 1981 585 2046 pacem
605 1958 721 2037 vellet,
748 1957 846 2048 darer
869 1970 1016 2043 operam,

63 2080 108 2127 vt
131 2084 206 2128 vno
230 2062 276 2125 ab
302 2064 474 2140 omnibus,
508 2066 611 2153 quasi
640 2063 682 2127 de
709 2085 811 2152 pace,
853 2063 891 2124 in
919 2060 1017 2125 collo·

62 2164 190 2260 quium
220 2171 417 2243 mortiterum
452 2168 568 2257 ibique
596 2169 663 2231 sibi
693 2168 830 2232 Sullam
859 2167 1011 2230 crederet.

64 2266 144 2339 eum
170 2274 274 2338 talem
300 2276 417 2337 virum
451 2276 489 2335 in
512 2290 711 2362 potestatem
744 2273 892 2356 haberet,
921 2269 1014 2360 fore,
1105 2266 1108 2273 ’

62 2383 120 2443 vti
149 2383 244 2443 iussu
268 2379 414 2443 Senatus
441 2397 545 2468 acque
571 2381 695 2469 populi
720 2379 874 2444 Romani
888 2374 1018 2463 fhedue

59 2483 178 2569 fierem·
207 2507 317 2573 neque
341 2484 516 2549 hominem
543 2486 703 2562 nobilem,
734 2506 806 2546 non
826 2502 891 2546 sua
917 2483 1017 2569 igno·

64 2593 144 2674 vio,
177 2591 236 2654 sed
271 2591 314 2652 ob
344 2590 588 2678 rempublicam
617 2592 656 2652 in
682 2588 831 2652 hostium
853 2602 1017 2676 potestate

62 2697 221 2762 relictum
248 2698 301 2760 iri.

347 2934 350 2939 .
397 2872 524 2940 eAP.
570 2873 676 2944 CIX.

132 3010 230 3077 Haec
247 3010 389 3077 Maurus
406 3035 525 3079 secum
546 3015 619 3102 ipse
635 3010 695 3076 diu
713 3006 854 3075 voluens
874 3003 1015 3071 tandem

63 3119 236 3208 promisit.
263 3131 418 3180 ceterum
432 3114 530 3195 dolo,
547 3139 592 3182 an
603 3138 684 3182 vere
700 3116 936 3198 (cunctatus),
954 3130 1015 3198 pa-

63 3240 145 3288 rum
159 3222 402 3309 comperimus.
432 3220 500 3287 Sed
513 3220 721 3312 plerumque
733 3221 846 3307 regiae
861 3212 1015 3279 volunta·

63 3340 131 3405 tes,
154 3341 192 3391 vt
205 3325 438 3406 vehementes,
465 3332 515 3392 sic
532 3323 691 3403 mobiles,
720 3344 822 3412 saepe
838 3323 932 3410 ipsae
950 3316 1015 3383 sibi

62 3429 241 3499 e‘duorsa'e.
303 3428 425 3497 Postea
452 3445 611 3523 tempore
638 3445 674 3494 et
708 3426 786 3492 loeo
811 3431 1012 3503 constituto,

64 3542 126 3620 (in
150 3533 369 3626 colloquium
394 3541 443 3602 vti
464 3536 508 3602 de
532 3558 618 3628 pace
644 3535 834 3615 veniretur)
861 3529 1015 3596 Bocchus
1093 3574 1100 3591 .-

63 3639 200 3710 Sullam
227 3640 344 3720 modo,
373 3640 480 3709 modo
506 3641 691 3733 Iugurthae
718 3634 872 3729 legatum
890 3633 1015 3736 adpel-
