2258 3998
84 110 129 200 48
353 109 772 182 commisso

86 287 197 337 motos
215 265 420 334 dimittatis?
462 269 521 338 Ne
545 273 612 335 ista
633 271 730 336 vobis
754 273 979 341 mansuetudo
1002 291 1039 341 et

86 374 338 454 misericordia„
358 377 392 440 si
417 376 475 441 illi
494 398 594 442 arma
618 381 777 466 ceperint,
797 382 836 443 in
860 383 1036 447 miseriam

86 499 194 552 certet.
243 481 381 546 Scilicet
406 504 457 545 res
485 462 607 570 aspera
629 501 702 559 est;
731 484 791 549 sed
815 508 878 551 uos
899 510 971 551 non
991 489 1035 550 ti·

85 592 183 654 metis
198 608 284 653 eam.
333 587 447 653 Immo
463 607 737 672 veromaxume,
770 590 838 654 Sed
859 593 1038 663 inertiaet

85 696 235 760 mollitia
258 693 382 770 animi,
410 693 503 757 alius
521 694 633 757 aliurn
652 713 881 784 exspectantes
897 715 1036 762 cuncta·

85 803 190 879 mini,
223 799 547 864 commortalibus
571 799 708 886 confisi,
739 803 804 890 qui
827 801 919 867 lianc
948 826 1035 867 rem-

81 908 259 996 publicam
283 905 323 966 in
341 908 522 969 maxumis
546 927 644 993 saepe
657 900 820 993 periculis
842 929 1030 973 seruauere.

85 1014 172 1080 Non
188 1011 290 1087 votis,
314 1029 425 1098 neque
448 1010 628 1099 suppliciis
653 1011 872 1077 muliebribus
894 1015 1035 1077 auxilia

85 1119 224 1184 deorum
239 1131 414 1204 parantur
421 1139 435 1192 ,·
465 1115 660 1201 vigilando,
685 1117 830 1202 agendo,
859 1119 1034 1183 bene-con·

84 1221 225 1289 sulendo
245 1241 407 1310 prospera
424 1224 544 1284 omnia
566 1221 707 1286 cedunt:
729 1225 791 1286 obi
809 1224 979 1289 secordioe
1001 1242 1034 1290 te

5 1408 7 1412 Ι
84 1349 188 1420 atque
206 1329 372 1415 igrmuiae
389 1323 585 1406 tradideris,
618 1327 855 1417 nequidquam
874 1330 952 1400 deos
968 1333 1033 1393 im·

80 1439 192 1529 plores
198 1458 212 1510 ,·
240 1434 324 1497 irati
339 1428 523 1522 infestique
534 1449 623 1497 sunt.
672 1431 781 1522 Apud
797 1439 941 1501 nioiores
954 1459 1032 1500 nos·

84 1561 152 1610 tros
181 1541 218 1605 T.
244 1538 405 1602 Manlius
431 1538 624 1629 Torquatus
646 1540 731 1606 bello
755 1539 892 1607 Gallico
908 1541 1033 1628 filium

82 1671 197 1725 suum,
220 1643 315 1734 quod
326 1647 356 1707 is
369 1659 489 1709 contra
503 1647 682 1730 imperium
691 1648 739 1708 in
755 1645 885 1709 bostem
893 1668 1031 1735 pugna·

82 1769 199 1829 uerat,
229 1751 348 1813 necari
363 1750 479 1831 iussit.
514 1763 619 1835 atque
643 1748 703 1812 ille
722 1753 874 1834 egregius
899 1751 1032 1813 adoles-

84 1879 162 1924 cens
175 1850 418 1918 immoderatae
424 1850 648 1940 fisrtitudinis
661 1872 767 1918 morte
777 1875 908 1942 poenos
924 1854 1024 1918 dedit.

86 1962 127 2031 V
121 1984 158 2026 os
181 1959 223 2023 dc
254 1956 507 2023 crudelissumis
532 1957 716 2045 parricidis
742 1959 831 2048 quid
856 1962 1028 2039 statuatis,

84 2059 323 2143 cunctamini?
364 2062 536 2129 Videlicet
565 2065 641 2127 uita
671 2082 780 2129 cetera
803 2087 919 2130 eorum
948 2066 1031 2130 lzuic

82 2165 200 2239 sceleri
221 2169 338 2241 obstat.
390 2166 521 2234 Verum
535 2172 665 2258 parcite
691 2170 855 2257 dignitati
875 2171 1027 2249 Lentuli,

81 2282 114 2346 si
137 2281 206 2368 ipse
222 2272 428 2366 pudicitiae,
451 2277 484 2339 si
500 2273 627 2365 fitmae
644 2298 744 2355 suae,
774 2279 806 2341 si
821 2276 876 2341 dis
890 2294 956 2341 aut
974 2276 1030 2340 lio·

82 2385 232 2452 minibus
261 2401 431 2470 vmquam
459 2381 543 2444 ullis
568 2384 740 2470 pepercit.-
781 2383 944 2468 ignoscite
968 2383 1028 2446 Ce-

82 2493 177 2578 thegi
202 2485 473 2562 odolescentiac3
498 2488 568 2550 nisi
597 2488 718 2551 iterum
740 2492 876 2576 patrt'oe
902 2487 1029 2551 bellum

72 2599 171 2691 fecit.
219 2591 319 2661 Nam
332 2591 420 2681 quid
439 2613 500 2679 ego
521 2592 563 2656 de
582 2590 744 2670 Gabinio,
772 2593 920 2672 Statilio,
945 2593 1027 2658 Coe·

77 2706 179 2794 pario
194 2693 347 2787 loquar?
370 2697 495 2787 quibus
510 2701 543 2763 si
555 2697 748 2788 quidquam
764 2721 932 2788 umquam
941 2723 1029 2789 pen-

80 2813 113 2876 si
124 2807 263 2898 ficisset,
296 2823 369 2866 non
389 2822 430 2868 ea
454 2805 598 2883 consilia
624 2803 667 2868 de
693 2805 864 2892 republica
888 2806 1027 2887 babuis-

80 2930 163 2981 sent.
210 2906 398 2989 Ρδεινεηιο,
427 2909 548 2974 Patres
562 2911 753 2996 conscripti,
784 2912 817 2973 si
839 2911 1027 2976 mehercule

77 3033 215 3112 peccato
240 3016 333 3080 loczn
361 3032 461 3094 esset,
490 3013 604 3105 facile
622 3032 772 3104 paterer,
805 3039 868 3080 vos
891 3020 966 3106 ipsa
991 3039 1028 3082 rc

81 3124 217 3210 corrigi,
248 3123 418 3210 quoniam
440 3121 545 3188 verba
571 3123 785 3186 contemnitis
796 3146 811 3197 ,·
838 3121 899 3186 sed
921 3123 1026 3187 vncli-

81 3253 148 3323 que
174 3215 399 3303 circumuenti
420 3249 547 3292 sumus.
598 3228 752 3293 Catilina
775 3249 854 3291 cum
874 3232 1027 3294 exercitu

78 3336 238 3416 faucibus
261 3328 375 3419 orgen
404 3334 472 3397 alii
487 3335 580 3399 intra
604 3337 751 3411 moenia,
779 3336 818 3395 in
834 3337 916 3398 sinu
932 3336 1025 3398 vrbis

79 3459 162 3508 sunt
184 3441 315 3513 bostes3
342 3459 453 3527 neque
470 3441 602 3527 parari,
632 3462 741 3528 neque
766 3440 902 3504 consuli
922 3439 1024 3529 quid-

79 3568 188 3637 quam
213 3545 342 3611 occulte
365 3560 482 3632 potest
527 3567 596 3634 quo
625 3548 736 3632 magis
755 3544 1018 3635 properandum.

82 3651 198 3742 Quare
220 3653 356 3739 ita-ego
372 3663 508 3719 censeo:
535 3671 613 3717 cum
637 3647 771 3740 nesorio
795 3651 937 3717 comilis
955 3673 1024 3714 sce·
