2258 3998
223 106 519 193 vtnisnvtt
549 121 893 195 ιιοιιοιινιι.
966 116 1032 194 ἰιι

74 275 114 339 lis
135 280 335 350 Varronem,
359 283 447 340 cuius
469 279 642 341 firmandae
666 279 895 364 significationis
918 266 1034 353 caussa,

75 376 176 437 vtitnr
197 376 269 437 loco
293 399 332 449 ex
354 375 440 436 libris
467 378 507 436 de
530 368 590 436 LL‘.
616 375 654 434 V.
681 398 729 458 9.,
763 375 806 436 ibi
832 376 965 439 verbum
987 368 1034 439 bii

75 486 117 531 ex
138 488 245 532 vetere
267 471 402 533 formula
425 473 563 532 iudiciali
586 487 740 553 repetere,
763 474 847 534 vnde
869 496 934 535 non
961 482 1034 555 pr'o-

68 568 183 628 ·babile
207 571 245 627 sit
268 568 446 629 Sallustium
476 589 545 655 eam
568 590 693 630 semare
707 569 847 630 voluisse
872 586 941 631 aut
949 564 1035 631 recte

71 663 244 725 scribendo
268 666 418 747 potuisse;
460 667 601 745 inprimis
624 686 699 724 cum
725 688 763 726 ex
787 668 852 727 eius
880 665 1035 751 fragmen·

73 762 113 822 tis
137 762 222 841 apud
235 762 395 822 Donatum
414 776 519 842 pateat
541 764 598 841 ipsi
613 764 706 822 etiam
730 763 858 823 alteram
880 763 1035 847 significa·

56 858 205 929 ¹lisinam,
235 859 268 917 in
292 862 355 940 qua
378 858 467 919 nobis
489 861 662 947 remansit,'
686 861 720 918 in
742 881 799 919 vsu
821 859 928 930 fuisse,
954 860 1033 933 dum

68 954 169 1017 dicit·
191 975 286 1037 quae,
306 970 404 1035 pacta
421 976 457 1013 ιιι
468 971 690 1025 conuenuone
716 978 781 1016 non
788 959 1030 1040 praestitissent

71 1051 139 1111 Sed
155 1050 230 1110 cf.
222 1073 254 1109 m
271 1053 382 1112 Indice
404 1051 539 1114 dicenda
561 1052 601 1113 ad
619 1053 737 1114 bollum
752 1056 892 1136 siccare,
910 1068 951 1126 et,
977 1074 1033 1151 nc·

72 1146 241 1209 cossimdo.

133 1267 165 1325 p.
193 1244 240 1304 23
271 1262 332 1326 per
356 1245 402 1303 M.
428 1246 575 1307 Porcium
597 1248 750 1308 Laecam:
771 1269 869 1330 penes
893 1248 941 1308 M:
966 1246 1030 1320 alii',

68 1342 165 1424 quod
178 1340 285 1423 multis
299 1342 487 1421 praeplacet,
515 1359 582 1402 tum
602 1359 637 1403 vt
655 1344 846 1427 intelligatur
857 1364 910 1405 eos
928 1346 962 1404 in
979 1344 1032 1407 do·-

70 1458 164 1497 mum
184 1440 250 1496 eius
267 1442 454 1497 conuocatos
472 1437 573 1506 luisse,
604 1452 672 1498 tum
693 1443 842 1522 quoniam
864 1440 1032 1524 indignum

70 1532 181 1594 fuisset
216 1534 363 1593 Senatore
398 1532 549 1593 Catilinae
584 1538 672 1615 quasi
709 1538 917 1617 apparitorem
953 1552 1031 1608 esse,

70 1631 213 1711 denique
242 1626 375 1710 sequens
404 1616 450 1690 iti·
474 1629 596 1689 nullum
619 1632 806 1692 antecedens
831 1631 961 1705 habeat,
989 1632 1032 1695 ad

65 1727 162 1811 quod
174 1724 285 1785 referri
301 1728 411 1813 possit,
441 1729 654 1790 consentiente
671 1731 704 1789 in
716 1729 778 1789 hoc
797 1727 934 1790 Auctore
950 1728 1030 1790 Ver-

68 1826 166 1885 sionis
189 1823 364 1907 hispanicae
383 1825 534 1883 2in‘no'tis.
588 1823 649 1884 Sed
672 1840 801 1909 propter
822 1824 900 1885 haec
923 1826 1030 1889 omnia

68 1920 213 2002 procliue
229 1935 295 1978 crat
312 1918 469 2001 glossatori
484 1919 533 1978 illi
544 1941 709 2004 persuum
724 1921 900 1983 adscribere
917 1943 1028 2006 penes,

71 2018 285 2099 explicationis
308 2036 421 2085 caussa,
454 2038 518 2098 qno
541 2030 645 2075 tamen
666 2021 711 2105 yis
733 2017 815 2076 illius
837 2039 902 2077 non
914 2017 1029 2079 exhau-

64 2117 165 2177 ritui:
225 2114 340 2171 Dicere
365 2116 458 2179 enim
488 2111 613 2171 solebat
645 2108 711 2174 non
736 2115 833 2176 modo
864 2116 898 2175 in
932 2114 1030 2177 domo

65 2212 191 2272 {eccae
217 2214 411 2268 conuentum
427 2207 664 2276 fuisse-verum
689 2209 784 2268 etiam
806 2209 845 2269 ab
873 2209 935 2270 hoc
951 2210 1029 2270 eun·
1090 2202 1093 2207 ¹

65 2308 152 2370 dem·
164 2306 331 2375 indictum,
358 2324 422 2365 non
438 2319 588 2386 tanquam
600 2303 751 2375 ministro,
770 2305 825 2364 sed
842 2308 1029 2368 instrumen·
1081 2346 1084 2351 -

66 2390 114 2473 to,
142 2405 231 2464 euius
250 2405 344 2470 iussu,
361 2400 497 2461 Catilina
520 2420 643 2460 suasore
667 2419 689 2459 s.
716 2416 844 2461 auctore
863 2402 1026 2513 primario}

61 2497 415 2561 conuocarentur.1d
439 2517 525 2556 nunc
547 2511 715 2578 vtrnmque
743 2510 788 2558 est
802 2518 864 2581 per
887 2512 918 2560 et
940 2499 1027 2579 prius

62 2595 203 2677 amplius
229 2594 416 2664 declaratur,
442 2593 520 2653 dum
545 2596 667 2677 pergit:
692 2594 810 2677 ι’ὂίᾳιιε,
838 2595 860 2655 i.
881 2614 907 2656 e.
932 2592 1030 2679 apud

65 2696 174 2775 'qum
204 2690 243 2751 cl.
264 2690 415 2751 Iudicem.
480 2720 483 2725 ·

109 2810 157 2869 .·.p
177 2789 224 2848 25.
248 2789 425 2868 praemium
448 2804 550 2856 semo,
576 2788 784 2869 interponunt
805 2748 936 2872 quidam
951 2788 1028 2851 lssnt

13 2910 18 2923 ·
63 2882 247 2953 decreuere,
261 2884 365 2964 quod
393 2882 519 2943 Cortius
544 2904 604 2964 pro
625 2886 732 2964 spurio
755 2883 858 2958 habet,
888 2906 962 2947 cum
986 2886 1025 2948 σι’

62 2980 172 3041 senati
203 2978 329 3039 decreto
357 2981 391 3037 in
416 2978 676 3039 'antecedentibus
702 2980 932 3043 adsumendum
964 2981 1025 3054 siti

61 3080 110 3137 vti
133 3072 266 3136 alterum
288 3062 596 3155 vncinis³p1iipteiea
618 3074 656 3134 ab
679 3076 746 3157 ipso
761 3076 925 3138 inclusum.
959 3077 1024 3138 Sed

62 3160 128 3233 boc
146 3191 254 3233 omnes
272 3170 421 3230 exhibent
441 3170 590 3242 Codices;
605 3185 653 3232 et
674 3170 715 3233 cf.
731 3182 768 3253 pae‘
779 3191 827 3252 ²9·
841 3193 870 3232 c.
885 3170 1018 3233 XXXII.

123 3290 154 3348 p.
177 3266 244 3325 ead.
271 3289 297 3327 c.
321 3264 454 3326 XXVII.
486 3286 545 3347 pro
574 3266 768 3349 respubltcao
790 3267 1021 3349 magnitudine.¹

59 3352 128 3423 mii
152 3372 212 3443 pro
235 3364 285 3421 rei
306 3382 349 3421 ιιι.
379 3362 456 3432 siue,
482 3364 533 3422 ret·
549 3384 627 3444 pro;
659 3382 731 3423 mea
753 3366 883 3442 antiqua
907 3361 1019 3435 editio,

61 3462 112 3518 rei
123 3481 156 3541 p.
178 3472 239 3540 'pro
261 3480 303 3517 m.
316 3480 339 3507 α·
353 3457 512 3539 hispanica
528 3479 555 3517 a.
576 3458 652 3541 1475
673 3476 743 3517 rem
749 3478 784 3540 p.
804 3468 827 3504 -ὲ
843 3458 910 3519 duo
926 3458 1020 3519 sacua

59 3554 152 3615 riales
171 3554 374 3635 reipublzbae,
391 3556 550 3634 'Principis
570 3558 621 3615 rei
634 3574 669 3639 p.
713 3552 770 3613 His
787 3554 1019 3615 diuersitatibus

22 3650 26 3655 ’
57 3652 200 3713 inuicem
210 3649 329 3713 collatis
340 3651 542 3712 manifestum
555 3650 592 3712 fit
607 3642 1017 3733 iix-tiedone'rctpnbum.
