2258 3998
125 110 169 178 36
388 107 804 176 coerttA‘olo

71 340 83 358 ,Α
121 272 224 358 prius
239 265 283 333 de
295 263 407 333 salute
420 288 480 331 sua
493 265 692 331 Pomtinum
709 260 909 345 obtestatus,
937 266 1029 356 quod
1043 270 1076 332 ei

126 388 319 460 notusoerat
328 396 338 451 ;
366 387 544 460 postremo
559 370 713 449 timidus,
736 395 776 436 ac
793 378 884 436 vitae
900 370 1072 452 diffidens,

126 478 235 550 veluti
258 476 432 561 hostibus,
461 499 534 543 sese
555 475 772 543 Praetoribus
791 475 896 543 dedit.

399 648 528 727 cAP.
569 652 824 719 XXXXII..

194 795 327 883 Quibus
352 793 456 861 rebus
490 793 656 869 confectis
689 797 804 858 omnia
833 815 981 883 propere
1012 816 1080 882 per·

127 903 274 971 nuncios
299 898 442 965 Consuli
469 897 699 965 declarantur.
755 898 803 963 At
831 897 929 973 illum
955 902 1076 986 ingens

126 1026 211 1085 cura
226 1019 332 1094 atque
350 1000 483 1071 laetitia
495 1000 600 1069 simul
619 1025 844 1091 occupauere.
874 1026 955 1067 nam
971 1000 1076 1066 laeta-

126 1108 240 1189 batur,
268 1111 506 1198 coniuratione
530 1105 712 1197 patefacta,
741 1112 920 1173 ciuitatem
940 1111 1076 1197 pericu-

128 1212 168 1279 lis
194 1229 350 1305 ereptam
375 1234 465 1290 essc3
500 1234 608 1303 porro
635 1228 754 1276 autern
780 1216 898 1276 anxius
927 1227 1010 1288 erat,
1039 1215 1077 1276 in

127 1341 288 1408 maxumo
308 1315 438 1393 scelere
457 1321 560 1382 tantis
578 1315 709 1382 ciuibus
730 1316 963 1406 deprehensis,
994 1315 1078 1404 quid

127 1423 220 1491 facto
239 1446 348 1514 opus:
378 1441 528 1513 poenam
545 1420 685 1487 illorum
706 1421 770 1486 sibi
790 1425 899 1501 oneri,
927 1423 1077 1510 impuni-

128 1545 238 1596 tatem
264 1526 464 1616 perdundae
492 1525 701 1616 reipublicae
728 1527 812 1591 fore.
868 1529 978 1615 igitur
1000 1548 1078 1591 con·

129 1633 267 1709 firmato
294 1637 411 1709 animo
442 1636 557 1696 vocari
581 1631 624 1695 ad
649 1652 722 1694 sese
749 1630 846 1696 iubet
870 1629 1074 1707 Lentulum,

129 1739 335 1824 Cethegum,
364 1732 550 1811 Statilium,
581 1732 785 1812 Gabinium,
811 1736 896 1797 item
922 1735 964 1819 Q.
994 1735 1077 1800 Coe-

128 1845 264 1931 parium
278 1838 464 1929 quemdam
476 1837 774 1915 Terracinensem,
792 1838 851 1926 qdi
863 1841 899 1901 in
912 1837 1076 1927 Apuliam
1110 1929 1114 1937 ‚

128 1945 171 2010 ad
188 1943 390 2009 concitanda
410 1944 550 2008 seruitia
572 1939 744 2032 proficisci
760 1941 911 2031 parabat.
961 1947 1077 2011 Ceteri

128 2054 202 2115 sine
222 2071 318 2113 mora
338 2051 492 2115 veniunt:
520 2048 709 2137 Caeparius
731 2045 849 2135 paullo
871 2049 1076 2125 antedomo

130 2176 295 2244 egressus,
322 2155 461 2242 cognito
488 2146 627 2228 indicio,
654 2158 715 2234 (ex
741 2151 838 2233 vrbe)
866 2153 1075 2244 profugerat.

130 2256 262 2325 Consul
273 2255 477 2336 Lentulum,
498 2257 590 2346 quod
605 2273 745 2347 praetor
765 2274 855 2337 erat,
880 2263 952 2348 ipse
971 2285 1076 2325 manu

131 2379 252 2430 tenens
284 2361 470 2453 perducit3
512 2359 661 2451 reliquos
696 2385 776 2427 cum
813 2365 1009 2431 custodibus
1039 2370 1077 2431 in

130 2468 253 2535 aedem
281 2465 491 2534 Concordiae
516 2470 633 2532 venire
658 2466 762 2531 iubet.
829 2468 881 2533 Eo
910 2471 1077 2537 Senatum

131 2573 290 2650 aduocat,
319 2593 509 2661 magnaque
526 2570 720 2660 frequentia
740 2577 812 2638 eius
834 2571 974 2655 ordinis,
998 2575 1077 2644 Vol-

132 2680 284 2745 turcium
306 2699 387 2742 cum
414 2674 534 2765 legatis
555 2677 762 2756 introducit;
790 2678 952 2745 Flaccum
976 2683 1077 2748 Prae-

131 2774 243 2850 torem
269 2784 435 2847 scrinium
456 2804 536 2847 cum
557 2779 692 2862 litteris,
721 2807 803 2873 quas
829 2809 848 2850 a
873 2783 990 2875 legatis
1021 2813 1075 2853 ac-

132 2900 283 2980 ceperat,
312 2885 435 2952 eodem
451 2876 594 2968 ¹adferre
620 2886 727 2968 iubet.
814 2925 817 2930 ·

391 3064 466 3130 CA
478 3055 526 3128 P.'
558 3064 812 3130 XXXXIII.

197 3201 400 3273 Volturcius
420 3209 651 3294 interrogatus
672 3207 714 3271 de
727 3209 858 3286 itinere,
879 3207 922 3272 de
943 3209 1074 3290 litteris,

129 3329 296 3401 postremo
318 3310 422 3400 quid,
460 3329 523 3374 aut
543 3335 616 3401 qua
641 3312 684 3377 dc
710 3335 829 3377 caussa
853 3315 990 3378 consilii
1013 3317 1077 3379 lra-

133 3413 285 3480 buissec?
313 3417 427 3506 primo
447 3413 577 3504 fingere
595 3413 672 3494 alia,
688 3414 911 3487 ¹dissimulare
930 3418 975 3484 de
994 3443 1076 3485 con·

132 3521 323 3600 iuratione,
351 3526 431 3612 post
447 3518 505 3588 vbi
521 3518 591 3585 lide
603 3518 742 3610 publica
755 3520 869 3588 dicere
884 3526 992 3591 iussus
1006 3541 1074 3609 est,

134 3626 260 3707 omnia,
286 3628 455 3718 stigesta
475 3639 586 3708 erant,
612 3629 737 3717 aperit:
762 3633 886 3716 paucis
908 3624 990 3697 anca
1011 3633 1078 3700 dia-
