2258 3998
202 108 507 180 VARIARVM
534 106 879 180 LECTIONVM.
956 110 1023 183 205

78 290 81 295 ·
124 286 158 349 p.
171 267 221 349 37.
246 264 398 327 atdaaeo
421 265 613 349 Magistratu.
665 264 799 335 Dassnui
820 264 874 329 hio
894 287 1026 352 quoque

64 362 168 427 Cottii
184 362 355 423 abdz'catus
367 382 406 422 ex
424 364 535 423 caum
549 364 583 421 in
602 361 713 426 Indice
729 360 910 435 afferendis,
930 381 1026 448 atqua

63 460 101 521 in
124 459 277 520 hocloco
298 459 379 519 illud
400 458 502 519 solum
525 460 760 530 animaduerto,
787 462 822 522 in
837 461 912 521 edit
936 460 1022 543 1496.
1056 532 1060 539 .

63 554 129 641 legi
149 558 231 617 mira
252 558 411 624 varietate,
433 570 472 615 vt
488 554 660 617 abdicatus
677 569 758 615 essu
772 577 796 615 a
813 558 1009 639 magistratu·

125 672 159 733 p.
173 651 223 713 38.
250 673 291 711 an
312 656 623 713 itinere'retractum.
666 651 789 713 Mirum
804 650 948 715 conium
963 655 1026 717 hoc

67 768 111 807 ax
125 751 245 807 itinero
258 749 408 809 intactum
427 748 597 830 reliquisse,
622 750 656 808 in
675 762 762 810 textu
780 749 928 830 quidem:
951 754 1025 813 nam

66 846 102 904 iu
124 847 207 903 notis
227 864 302 903 vere
325 844 476 905 sollicitat
519 845 583 905 Sed
602 843 851 926 fortassisuoque
869 845 1035 928 hicplnne'

66 943 210 1003 numum.
222 956 275 1005 est,
302 960 409 1020 neque
422 942 455 999 in
467 944 627 1020 superiore
637 940 709 1002 loco
726 962 758 1024 p.
774 941 823 1001 51.
850 960 878 1001 c.
893 942 1023 1005 XXXV.

66 1038 126 1095 atsi
140 1037 175 1093 in
194 1050 329 1116 vtroque
341 1039 405 1094 iant
424 1036 558 1117 profecti
581 1038 736 1105 dicanmr,
760 1051 794 1097 vt
808 1051 924 1097 tamen.
935 1038 1027 1101 intel·

65 1128 199 1214 ligatur,-
240 1152 292 1192 eos
324 1134 432 1193 medio
466 1131 534 1192 fere
564 1133 676 1193 itinere
705 1133 878 1194 emissarios
910 1136 1029 1197 insecu-

66 1242 115 1291 toa
145 1228 247 1288 finisse.
298 1226 436 1306 Quando
460 1229 573 1289 Caesar
597 1230 673 1289 dicit
695 1229 732 1288 B.
766 1231 806 1289 G.
829 1229 868 1289 V.
894 1254 923 1313 7.
956 1235 1028 1292 mis·

28 1336 31 1341 ’
66 1344 117 1388 ιοε
133 1325 176 1385 ad
197 1316 427 1406 insequendum
445 1328 539 1386 iussos
562 1345 626 1385 esse
641 1326 872 1386 Dumnoricem
890 1327 1029 1388 retrahe-

66 1440 115 1492 re,
144 1423 211 1481 sina
236 1423 343 1483 addito
359 1442 400 1480 ex
422 1425 549 1490 itinere,
576 1421 705 1481 uliares
727 1437 779 1483 est
824 1424 906 1482 Nam
928 1425 971 1483 ita
993 1426 1029 1487 in

10 1526 14 1533 '
66 1519 223 1579 mandatis
246 1516 403 1579 habebant
424 1521 536 1598 quouis
559 1516 630 1579 loco
660 1536 733 1577 aum
757 1519 1028 1600 comprehendere

68 1616 166 1688 etiam
189 1615 293 1685 domi,
318 1616 342 1687 si
366 1615 429 1677 iam
452 1616 493 1674 ad
515 1634 585 1673 suos
605 1614 755 1683 rediisset,
781 1631 1029 1700 atquemagnut

66 1726 237 1793 propterea
263 1713 416 1792 equitatus
432 1713 596 1775 vniuersae
618 1713 665 1769 rei
688 1712 909 1773 destinabatur.
963 1714 1029 1775 Ne

69 1826 136 1889 que
159 1808 239 1868 adeo
269 1807 426 1868 Sallustius
453 1828 526 1866 cum
552 1805 683 1895 (laesere
713 1808 888 1889 comparari
914 1824 1026 1889 potest.

69 1888 177 1967 Habet
187 1905 499 1987 sterque-proprium
510 1902 569 1966 sibi
586 1902 744 1967 scribendi
761 1923 867 1986 genus,
891 1900 1029 1969 formam

68 1984 175 2085 uberis
198 2002 364 2061 diuersam.
413 2079 416 2087 Ι

66 2174 70 2181 ¹
130 2118 162 2180 p.
179 2098 228 2180 39.
254 2099 350 2157 animi
372 2096 543 2175 nobilitate.
586 2094 695 2155 Facilis
714 2095 766 2155 hic
785 2110 851 2155 erat
871 2096 1029 2160 Codicum

71 2190 276 2277 quorundam
295 2192 449 2254 aberratio
475 2194 509 2251 in
531 2189 710 2258 mobilitate,
734 2204 804 2250 tum
823 2214 882 2273 per
894 2214 940 2263 se,
960 2210 1049 2275 mm·

70 2304 203 2373 propter
222 2288 468 2370 frequentiorem
479 2286 572 2347 huius
591 2306 681 2347 vsum
696 2288 731 2347 in
744 2284 896 2351 Sallustio.
923 2290 1031 2373 Atque

69 2402 252 2468 opportuna
271 2388 305 2447 in
329 2387 408 2446 notis
433 2385 474 2443 ad
498 2382 537 2441 V.
562 2383 648 2465 Hisp.
672 2399 819 2445 monetur
839 2389 1030 2450 contrariam

68 2484 337 2587 permutationem
355 2503 404 2537 ην
423 2478 586 2541 mobilium
604 2482 639 2540 in
655 2479 807 2541 nobilium
825 2480 958 2547 Horatio
979 2504 1031 2545 ac·

72 2581 185 2642 cidisse
206 2580 350 2639 Oderunt
375 2576 399 2637 I.
422 2599 447 2639 t.
1068 2582 1071 2589 '

69 2704 76 2715 ·
105 2718 108 2723 ·
235 2674 332 2735 Hunc
354 2673 557 2736 si-mobilium
576 2673 667 2734 turba
684 2672 864 2751 Quiritium.

70 2771 230 2835 Erltibent
246 2761 351 2833 tamen
369 2773 463 2831 etiam
483 2786 543 2831 tres
554 2770 656 2832 Codd.
673 2770 844 2853 Hispanioi,
860 2793 934 2834 oum
952 2775 1027 2836 edit.

69 2869 119 2929 ale
140 2868 215 2951 1475
232 2867 414 2930 mobilitate.
457 2869 520 2928 Sed
531 2869 661 2929 omniuo
676 2886 808 2948 sequens
827 2900 868 2915 --
885 2890 950 2950 quo
967 2886 1031 2931 stu·

70 2964 166 3027 dium
184 2998 219 3040 ··.·
239 2998 278 3015 ·-·
308 2958 392 3025 esset
406 2996 444 3014 κ-
470 2964 605 3044 postulat
626 2962 767 3024 alterum.
830 2964 872 3026 Et
894 2966 1030 3027 Wassius

73 3062 140 3126 iam
156 3062 287 3123 contulit
308 3063 420 3134 Taciti,
446 3060 595 3120 nobilitas
614 3060 755 3139 ingenii,
779 3061 814 3121 in
836 3059 947 3119 Galba.

135 3178 167 3239 p.
184 3166 233 3236 4¹·
261 3160 296 3219 in
318 3160 400 3230 illis,
429 3156 637 3240 provulgari,
661 3158 695 3217 in
715 3146 801 3216 illos.v
838 3155 922 3216 Vide
943 3152 1033 3216 Inde

72 3274 145 3313 cem
166 3256 260 3315 latin.
686 3264 689 3269 ⁴

135 3371 166 3430 p.
187 3349 237 3411 50.
268 3370 307 3412 eo
325 3351 423 3432 magis
445 3344 642 3433 sequebatur.
697 3348 763 3411 Alii
784 3343 1041 3429 adsequebatur,¹

69 3447 112 3509 in
135 3445 325 3527 quibusdam
339 3448 541 3519 antecedente
558 3469 641 3517 mox,
665 3448 770 3516 allum,
795 3445 857 3523 (vti
872 3442 988 3527 legitur
999 3448 1032 3507 iu

39 3536 44 3543 ’
76 3536 291 3624 Hau'ercampi
316 3545 472 3623 editione)
497 3564 572 3606 mox
601 3545 695 3603 allam
717 3562 740 3603 s.
772 3561 854 3607 eam.
916 3541 1035 3627 Legen-

77 3638 157 3699 dum
171 3653 260 3721 puto,
282 3654 339 3700 aut
354 3641 627 3724 quemadmodum
644 3659 720 3702 eum
741 3637 850 3701 Contio
866 3638 960 3713 dadi,
980 3652 1035 3699 aut
