2258 3998
294 110 793 183 IVGVRTHINVM.
979 106 1025 185 dd

66 279 146 365 ipse
172 276 307 339 reuerti
334 268 481 337 domum
507 267 687 348 decreuit3
724 269 894 338 donatum
918 266 1024 365 atque
1066 328 1072 335 .

66 377 252 446 laudatum
276 374 461 466 magnifice
487 397 553 465 pro
573 382 742 443 concione
760 377 965 467 Iugurtham
987 385 1026 444 iu

65 489 287 578 praetorium
309 480 463 562 abduxit,
492 480 611 572 ibique
629 498 764 548 secreto
786 486 941 549 monuit:
973 489 1027 550 vti
1053 570 1058 583 ι

61 594 184 685 phtius
202 591 360 680 publice,
388 610 495 679 quum
507 593 677 677 priuatim
693 594 886 654 amicitiem
903 594 1028 683 populi

67 698 112 764 R.
142 692 283 771 colerem
312 718 380 759 neu
407 695 532 785 quibus
558 696 683 782 largiri
707 701 932 761 insuesceret:
967 708 1027 787 pe·¹

69 803 216 869 riculose
239 822 263 865 a
285 803 409 889 paucis
432 804 511 879 emi,
527 802 640 890 ·quod
662 804 850 866 multorum
874 820 964 867 esset.
998 806 1030 868 si

64 918 270 1001 permanere
295 906 402 970 vellet
428 909 466 969 in
494 910 567 971 suit
591 908 740 987 artibus,
781 909 872 972 ultro
909 908 972 979 illi
997 924 1032 972 et

65 1016 232 1102 gloriam,
256 1031 291 1076 et
314 1034 458 1098 regnum
478 1031 693 1090 uenturum.
708 1017 764 1078 sin
787 1017 1030 1105 properantius

65 1136 235 1210 pergeret,
265 1134 401 1182 suamet
423 1121 536 1206 tirsum
555 1122 706 1208 pecunia
727 1123 950 1209 praecipitem
978 1140 1030 1191 ca»

69 1242 201 1290 surum.

273 1314 278 1322 '
357 1368 360 1377 -
439 1327 571 1393 οΑΡ.
624 1328 667 1395 V.

81 1482 87 1495 ,
141 1432 200 1499 Sic
215 1430 371 1512 locutus,
399 1454 481 1498 cum
502 1430 641 1511 litteris,
667 1456 749 1522 quas
767 1433 938 1523 Micipsae
959 1430 1036 1499 red'·

11 1548 14 1555 '
73 1538 188 1617 deret,
214 1537 358 1602 dimisit.
396 1560 516 1602 earum
536 1545 709 1603 sententie
733 1537 819 1604 haec
842 1552 941 1603 erat:
970 1540 1032 1604 Iu·
1102 1578 1108 1587 ·

70 1646 224 1735 gurdiae
250 1640 316 1707 'tui
353 1644 439 1707 bello
471 1644 694 1710 Numantino
730 1647 831 1732 louge
863 1666 1033 1711 maxuma

75 1755 190 1817 virtus
210 1748 308 1839 fuit5
352 1772 460 1840 quam
495 1772 566 1813 rem
598 1751 661 1815 tibi
689 1770 777 1814 certo
806 1755 877 1815 scio
901 1748 1033 1837 gaudie

75 1878 155 1922 esse.
189 1856 286 1919 nobis
306 1856 349 1919 ob
366 1858 487 1920 merite
504 1876 604 1918 carus
623 1874 693 1932 est5
715 1859 772 1919 vti
790 1857 880 1921 idem
896 1860 1038 1920 senatui
1073 1854 1078 1861 ’

76 1966 125 2028 sic
139 1978 174 2025 et
188 1960 316 2049 popule
333 1960 503 2040 Romano,
531 1982 744 2050 summa-ope
763 1966 921 2027 nitemur.
957 1964 1036 2027 Tibi
1115 2022 1118 2027 .

77 2052 222 2159 {uidem
241 2087 306 2153 pre
331 2083 448 2130 nostre
477 2067 634 2129 amicitia
657 2068 835 2152 gratulor.-
865 2090 907 2131 en
932 2068 1037 2161 habea

78 2178 199 2239 etrum
218 2170 364 2256 dignum
384 2189 415 2235 te
433 2189 538 2260 atque
557 2193 625 2233 auo
644 2194 706 2233 suo
725 2174 925 2236 Masinissa.
968 2171 1036 2261 igi:

79 2294 143 2343 tur
165 2276 237 2355 rex',
269 2272 339 2354 vbi,
370 2299 457 2365 quae
484 2274 576 2343 fama
603 2290 802 2365 acceperut,
841 2299 882 2340 ex
909 2273 1039 2340 litteris

80 2387 303 2473 imperatoris
329 2387 378 2446 ita
400 2403 474 2446 esse
495 2387 679 2473 cognouit,
708 2404 788 2446 cum
804 2389 935 2448 virtute
956 2386 1039 2463 viri,

80 2507 161 2558 tum
181 2493 292 2577 gratia
316 2503 514 2576 permotus,
547 2486 643 2552 flexit
667 2493 824 2552 animum
852 2490 972 2565 suum,
1001 2502 1039 2551 et

81 2593 288 2685 Iugurtham
314 2590 491 2659 beneficiis
512 2599 652 2659 vincere
668 2591 845 2682 adgressus
867 2607 936 2657 est:
970 2584 1038 2657 stass

81 2708 222 2789 timque
250 2697 451 2788 adoptauit,
492 2714 529 2763 et
560 2713 770 2763 testamento
798 2704 930 2789 pariter
957 2720 1038 2763 cum

82 2805 167 2873 filiis
195 2801 362 2870 heredem
388 2809 550 2869 instituit.
614 2801 681 2869 Sed
706 2808 779 2893 ipse
804 2827 932 2895 paucos
959 2816 1039 2895 post

84 2934 209 2990 annos,
235 2908 360 2976 morbo
380 2924 486 2998 atque
509 2924 621 2974 aetate
645 2909 841 2990 confectus,
871 2934 952 2975 cum
974 2908 1040 2974 sibi

85 3002 203 3083 finem'
223 3022 314 3082 vitae
341 3014 459 3078 adesse
486 3012 727 3102 intellegeret,
773 3038 891 3080 coram
921 3019 1045 3080 amicis·

87 3139 125 3189 et
140 3122 308 3213 cognatis,
337 3126 424 3184 item
443 3116 639 3186 Adherbale
663 3136 697 3184 et
718 3117 919 3210 Hiempsale
946 3116 1038 3198 filiis,

86 3227 221 3295 dicitur
256 3224 502 3316 huiuscemodi
536 3224 637 3293 verba
670 3248 752 3294 euin
784 3224 952 3316 Iugurtha
982 3222 1042 3291 ha·

86 3330 213 3400 huisee.
1018 3356 1021 3361 ·

436 3432 514 3500 CA
525 3438 567 3502 P.
603 3436 681 3502 VI.

155 3542 317 3609 Paruum
328 3564 403 3629 ege,
421 3540 608 3628 Iugurtha,
634 3562 676 3623 te,
702 3546 825 3606 amisso
836 3546 946 3629 petre,
971 3543 1045 3604 sine

90 3670 164 3739 epe,
191 3650 270 3717 sine
291 3649 427 3738 opibus,
458 3651 496 3712 in
522 3672 635 3719 meum
661 3670 807 3739 regnum
830 3650 972 3736 aceepi3
1003 3664 1061 3707 eu·

659 3758 691 3831 E
