2258 3998
58 746 186 879 Falso
203 799 364 886 queritur
384 794 429 861 de
450 812 574 864 natura
591 820 652 865 sua
673 820 780 888 genus
805 800 1012 883 humanum,

60 901 158 993 quod
186 899 361 967 imbecilla
392 919 496 993 atque
523 911 603 969 aeui
631 904 747 972 breuis
767 906 858 972 forte
881 915 1012 997 potius,

59 1022 169 1099 quam
187 1013 319 1074 virtute
336 1026 485 1097 regatur.
534 1011 627 1075 Nam
646 1027 779 1092 contra,
806 1006 1012 1103 reputando,

57 1136 175 1204 neque
189 1118 300 1178 maius
315 1112 429 1195 aliud,
459 1138 573 1205 neque
587 1115 826 1206 praestabilius
842 1124 1012 1201 inuenies,

57 1225 241 1310 magisque
267 1235 410 1286 naturae
441 1220 648 1286 industriam
680 1222 877 1303 hominum,
909 1248 1015 1314 quam

56 1332 149 1405 rim,
177 1340 240 1390 aut
263 1325 545 1416 tempus'deesse.
596 1326 664 1392 Sed
693 1328 761 1393 dux
779 1343 884 1418 atque
908 1336 1015 1421 impe-

57 1448 156 1498 rator
184 1436 276 1496 vitae
307 1429 511 1507 mortalium
539 1435 674 1498 animus
699 1448 766 1497 est=
804 1440 866 1522 qui
890 1434 946 1499 vbi
959 1435 1015 1501 ¹ad

10 1592 18 1611 .
57 1534 208 1630 gloriam
236 1542 376 1603 virtutis
408 1543 462 1601 via
490 1526 681 1625 grassatur,
715 1537 852 1604 abunde
879 1538 1014 1631 pollens

56 1659 256 1736 potensque
285 1658 321 1708 et
346 1641 458 1709 clarus
489 1657 552 1722 est,
583 1666 696 1733 neque
721 1644 884 1709 Fortunae
911 1660 1010 1735 eget:

56 1755 191 1840 quippe
208 1747 434 1839 probitatem,
459 1747 680 1828 industriam,
706 1747 787 1814 alias
807 1746 890 1815 art'is
908 1749 1014 1816 bonas

14 1850 17 1855 ’
57 1877 173 1945 neque
201 1853 302 1932 dare,
333 1878 447 1944 neque
469 1860 605 1943 eripere
624 1870 749 1945 potest.
800 1856 863 1922 Sin
892 1872 1014 1945 captus

57 1965 177 2052 prauis
198 1956 420 2049 cupidinibus
439 1958 482 2024 ad
499 1966 663 2026 inertiam
681 1976 717 2025 et
734 1958 922 2051 voluptatis
938 1984 1014 2055 corf

57 2072 155 2157 poris
191 2086 331 2156 pessum
365 2064 464 2130 datus
497 2082 577 2131 est:
622 2072 818 2155 perniciosa
855 2064 1016 2137 lubidine

57 2169 251 2263 paullisper
276 2193 371 2249 vsus3
404 2171 460 2236 vbi
487 2194 553 2261 per
580 2170 773 2236 secordiam
794 2177 899 2251 vires,
931 2187 1015 2237 tem·

56 2302 137 2369 pus,
166 2282 347 2366 ingenium
368 2275 560 2355 defluxere3
597 2293 742 2342 naturae
763 2274 946 2342 infirmitas
964 2299 1015 2343 ac·

55 2399 215 2450 cusatur:
250 2406 348 2447 suam
374 2388 520 2472 quisque
545 2380 685 2473 culpam
706 2398 864 2448 auctores
886 2380 929 2446 ad
952 2406 1014 2449 ne·

56 2494 154 2579 gotia
175 2486 396 2553 transferunt.
447 2486 552 2574 Quod
570 2494 599 2554 si
623 2488 823 2554 hominibus
842 2487 1016 2553 bonarum

56 2614 179 2659 rerum
197 2609 294 2661 tanta
314 2616 396 2659 cura
418 2608 519 2671 esset,
546 2609 679 2684 quanto
699 2593 816 2660 studio
834 2591 947 2658 aliena
973 2614 1016 2661 ao

56 2698 150 2764 nihil
179 2699 388 2788 profutura,
430 2696 654 2788 multumque
687 2704 793 2764 etiam
818 2694 1016 2789 periculosa

56 2820 207 2895 petunt3
232 2826 347 2894 neque
365 2820 573 2892 regerentur
589 2810 710 2894 magis,
731 2828 834 2894 quam
851 2818 1016 2893 regerent

57 2933 174 2989 casus,
203 2925 240 2974 et
262 2932 304 2974 eo
324 2908 576 2998 magnitudinis
594 2910 844 3001 procederent,
873 2908 931 2976 vbi
949 2930 1016 3000 pro

56 3010 267 3081 mortalibus
292 3013 404 3105 gloria
428 3022 561 3081 aeterni
590 3015 727 3080 fierent.

123 3120 217 3187 Nam
235 3127 287 3187 vti
304 3144 413 3210 genus
433 3122 618 3186 homiuum
634 3127 869 3211 compositum
882 3142 924 3186 ex
940 3124 1015 3184 ani-

56 3248 115 3293 ma
134 3234 355 3317 et'corpore:
382 3233 432 3292 ita
449 3250 503 3293 res
523 3244 669 3294 cunctae
687 3226 871 3316 studiaque
897 3229 1016 3290 omnia

55 3348 178 3399 nostra
196 3339 351 3423 corporis
369 3331 452 3414 alia,
479 3330 546 3401 alia
559 3339 668 3399 animi
685 3348 846 3397 naturam
864 3352 1016 3420 sequun-

55 3452 127 3504 tur.
189 3438 302 3529 lgitur
325 3437 503 3530 praeclare
521 3434 651 3517 ¹facies,
682 3460 827 3526 magnae
855 3436 1013 3514 diuitiae,

54 3542 183 3611 adhoc
198 3550 248 3610 vis
264 3552 438 3636 corporis,
467 3543 534 3610 alia
549 3542 792 3609 huiuscemodi
807 3545 926 3607 omnia
944 3540 1016 3605 bre-

54 3653 92 3717 vi
107 3646 332 3728 dilabuntur3
362 3666 398 3718 at
413 3652 544 3742 ingenii
564 3654 705 3744 egregia
718 3648 893 3727 facinora,
918 3650 1033 3711 sicuti
