2258 3998
166 219 424 346 Ast1s
466 174 986 334 sscroatavsw

72 549 293 706 Repetenti
316 614 404 682 milii
434 632 548 706 nuper
577 634 642 707 per
665 614 777 680 otium
811 588 1028 676 suntsed

67 754 252 830 Vtrumque
273 762 358 829 opus
382 743 557 828 integrum
579 737 678 804 nobis
705 733 895 814 relietum,
905 728 1028 825 idque

68 867 285 952 comparanti
310 883 391 927 cum
426 863 612 928 nouissima
633 861 804 928 Versione
833 856 1023 946 hispanica,

66 1001 189 1050 natum
212 1000 264 1050 est
295 988 367 1050 e'ius
392 983 516 1050 edendi
540 980 764 1053 consilium.1
797 978 837 1043 In
863 980 932 1068 quo
954 980 1026 1047 n'on

66 1123 153 1198 puto
176 1129 233 1172 me
253 1105 382 1196 aliquid
398 1110 596 1197 suscepisse,
620 1103 712 1195 quod
730 1127 751 1166 a
766 1123 934 1225 personae
947 1118 1025 1167 mu·
1084 1107 1089 1119 ’

65 1233 228 1320 nerisque
252 1233 322 1296 mei
346 1235 482 1296 ratione
504 1229 591 1295 adeo
620 1228 803 1294 abhorreat
810 1252 819 1305 ;
860 1248 955 1312 cum,
986 1238 1025 1294 vt

64 1350 123 1416 ille
139 1372 221 1418 vere
237 1350 331 1436 dixit,
346 1359 374 1418 is
382 1351 523 1417 'Auctor
536 1352 643 1440 magis
657 1373 677 1415 a
690 1351 772 1416 viris
784 1352 896 1440 'quam
910 1370 930 1412 a
942 1368 1024 1438 pue«

62 1480 110 1537 ris
131 1471 296 1561 legendus
311 1477 374 1552 sit,
399 1488 501 1561 atque
519 1474 567 1536 sic
587 1493 701 1562 neque
719 1467 898 1560 Theol'o'g'o
911 1468 1023 1560 pudo·

62 1600 94 1658 ri
107 1609 170 1659 aut
184 1591 346 1660 dedecori
359 1616 431 1659 esse
445 1591 582 1679 debeat,
600 1613 698 1660 vsum
713 1589 916 1658 nobilissimi
938 1597 1022 1658 so'ri·

60 1719 187 1805 ptoris,
211 1717 315 1805 primi
328 1719 363 1782 in
381 1716 526 1783 historie
545 1739 701 1807 romana,
723 1713 816 1806 apud
835 1708 919 1780 alios
932 1710 1023 1804 'pro'-

27 1920 35 1940 Ι
61 1840 220 1917 mouisse.
266 1838 306 1904 Id
323 1861 405 1908 vero
419 1836 542 1935 quibus
564 1838 674 1905 modis
689 1830 1020 1929 consequi'elabor'a·

61 1965 187 2045 verim,
210 1975 307 2049 patet
337 1983 378 2025 ex
393 1961 477 2041 ,his,
510 1983 599 2051 quae
625 1959 766 2056 singulis
783 1972 954 2026 'mearum
983 1963 1022 2027 in

62 2079 263 2148 Sallustium
300 2105 462 2149 curarum
492 2085 598 2148 initiis
629 2083 802 2174 praefatus
840 2078 937 2164 sum,
956 2077 959 2081 ¹
981 2096 1022 2154 vt

17 2205 20 2213 '
60 2227 169 2293 pauca
192 2203 338 2271 solum'
328 2228 366 2270 ιιι
396 2202 563 2271 hocloco
586 2203 730 2271 dicenda
752 2192 895 2271 resten‘t.
964 2200 968 2207 ’

148 2329 299 2394 Textum
322 2330 489 2394 nimirum
511 2331 632 2420 paraui
654 2326 697 2393 ad
720 2316 910 2393 editionem
928 2331 1017 2396 ·-Cor

60 2452 112 2530 tii,
132 2471 245 2538 neque
268 2466 386 2517 tamen
407 2473 523 2542 presse
546 2453 648 2519 nimis
667 2466 920 2530 sumserimus,
937 2474 1018 2518 con

57 2570 201 2638 ferendo
229 2577 332 2639 etiam
355 2572 437 2641 hine
458 2575 540 2642 inde
561 2598 664 2645 vnam
689 2597 729 2641 ex
751 2568 1014 2664 antiquioribus,

57 2684 286 2761 desideratam
315 2713 434 2763 tamen
462 2701 498 2762 in
521 2696 777 2764 recensionibus
801 2695 877 2802 edd.
907 2696 1016 2763 Sallu

57 2818 113 2880 stii
146 2818 322 2905 omnibus,
363 2823 413 2890 tti
443 2819 615 2886 Indicibus
651 2819 818 2887 librorum
854 2824 1016 2911 copiosis·
1088 2790 1095 2801 ⁶

38 2941 171 3018 simis,
225 2939 379 3030 mihique
424 2947 715 3010 communicatam
767 2964 787 3009 a
825 2942 1016 3009 clarissimo
1102 3030 1105 3035 .

56 3076 175 3127 nostro
198 3062 390 3152 Vngero,
415 3068 495 3129 artis
516 3068 783 3156 typographicae
798 3080 1016 3163 atqueprae-
1102 3040 1104 3045 Ι

18 3268 21 3273 ¹
55 3195 151 3247 terea
169 3183 419 3273 exsculptoriae
441 3185 566 3278 figuras
589 3210 630 3253 ex
653 3186 761 3280 ligno,
784 3182 909 3280 insigni
927 3178 1020 3254 Gerss

54 3308 187 3368 maniae
213 3325 431 3375 ornamento.
480 3296 615 3378 Prodiit
637 3335 677 3378 ea
699 3310 844 3378 Brixiae
871 3308 955 3400 1495
977 3313 1014 3377 in
1047 3280 1052 3291 ¹

48 3423 164 3525 ¹forma
178 3432 340 3513 maxima,
366 3454 471 3523 quam
493 3433 577 3501 folio
601 3433 729 3500 dicunt.
782 3424 1015 3524 Incipit'oum

52 3551 186 3615 monito
207 3586 252 3602 -ι
271 3552 367 3619 ¹Hoc
392 3534 640 3623 inlvolumine
669 3558 753 3622 baec
778 3547 1007 3623 coadorantur.

53 3670 240 3764 Pomponii
272 3677 337 3762 (sc.
365 3676 489 3769 Laeti)
521 3682 688 3778 Epistola
710 3680 762 3746 ad.
793 3677 1050 3761 Augustinus*
