2258 3998
95 122 193 212 ..94
369 162 379 171 ..
413 54 769 187 ..axin-nn
826 48 831 61 ¹

121 272 239 339 deinde
249 273 402 358 qnoniam
410 269 546 333 alterum
558 270 752 332 intransitiue
772 265 905 330 alterum
918 266 1087 332 transitiue

121 386 265 438 oumatnr
288 384 320 431 et
341 380 503 453 praeterea
519 368 667 430 Horatius
685 366 724 427 A.
744 365 776 426 P.
796 371 866 443 410.
894 365 1017 427 dixerit.

403 466 528 527 alterius
553 467 598 526 sio
666 466 672 495 ¹
1079 545 1082 550 ι

234 560 331 624 altera
351 565 451 643 poscit
474 581 569 644 opem
583 580 632 624 res
655 573 687 622 et
708 560 853 625 coniurat
874 561 985 621 amice.

124 660 219 729 alius:
233 661 319 720 alter
328 659 462 727 alterius
473 658 598 718 auxilio
608 659 841 740 semper-eguit.
858 654 1011 727 Crederet
1024 654 1097 719 dtr-¹

118 742 233 818 ¹bitasse
252 736 409 843 aliquem,
439 774 553 836 anper
563 774 597 815 se
607 769 677 814 sans
691 748 786 814 latine
799 753 863 815 dlcl
875 752 1084 837 possitalta·

125 855 194 914 rius
206 852 330 912 auxz'lio
345 870 446 937 egere
470 865 525 911 ant
547 864 620 911 eum
640 848 772 911 voluisse
787 848 939 911 illustrare
952 848 1084 932 loquen·

126 950 161 1012 di
174 934 305 1010 niodum
317 968 394 1029 per
386 945 520 1007 similem
532 946 679 1029 aliquem,
696 944 830 1009 alterius
838 966 966 1031 poscere
978 964 1085 1056 operar,

125 1062 183 1109 aut
196 1046 332 1126 deniqne
343 1040 437 1126 plane
457 1040 563 1104 deesse
585 1030 713 1105 lectioni
731 1056 823 1125 veget
841 1042 928 1103 MSS.
951 1042 1084 1104 auetori-
1088 1056 1103 1087 ι

128 1157 232 1204 tatem.
277 1142 365 1201 Sed
357 1156 399 1201 ιιι
415 1161 523 1202 omnes
539 1139 580 1200 ad
599 1140 799 1219 Hispanicum
819 1136 1006 1221 Versionem
1021 1136 1085 1201 eol-

44 1268 50 1277 *
119 1238 183 1299 lati
205 1239 277 1297 iibri
297 1238 402 1318 scripti
425 1252 458 1327 vt
481 1238 578 1325 editio
599 1237 638 1296 de
661 1234 760 1327 1475.
770 1234 919 1296 exhibent
935 1248 1030 1321 neget
1053 1247 1086 1295 et

118 1332 217 1399 'locus
251 1333 431 1393 afferendus
463 1347 529 1394 erat
554 1355 592 1394 ex
613 1314 760 1415 probato
777 1332 966 1415 scriptore
957 1353 992 1393 111
1016 1350 1085 1414 qno

128 1431 277 1510 indigens
298 1450 387 1509 egere
408 1449 468 1519 ope
484 1429 633 1500 alduzstus
661 1433 694 1489 in
706 1450 769 1491 vno
785 1444 933 1491 contextu
948 1428 1081 1489 dicatur.
1111 1433 1112 1436 ’

128 1526 249 1593 Contra
273 1542 383 1586 notum
397 1524 442 1586 e'st
452 1528 597 1586 Lucretii
608 1512 755 1608 vegetV,
769 1524 829 1589 533
846 1540 878 1587 et
887 1527 1086 1599 Horam,

130 1623 191 1685 alia
206 1639 326 1683 tanturn
344 1616 505 1705 scripture

313 1754 348 1766 -
388 1754 426 1766 -
465 1718 581 1782 florent
594 1718 690 1782 modo
705 1735 777 1781 nata
794 1721 965 1805 vigentque

131 1815 185 1884 vbi
217 1816 311 1875 etiam
345 1815 528 1879 adiunctum
553 1812 672 1898 florere
707 1817 905 1898 explicationi
941 1819 1081 1881 inseruit.

131 1912 216 1971 Nam
242 1912 320 1971 illud
348 1910 425 1972 mihi
451 1912 613 1994 probabile
635 1934 700 1974 non
726 1929 772 1973 est
792 1916 827 1974 in
852 1916 954 1996 prisca
976 1914 1086 1999 lingna

84 2079 87 2082 Δ
132 2028 247 2087 vegere
272 2024 366 2089 atque
381 2011 488 2089 vigere
502 2011 642 2070 diuersae
665 2010 896 2094 significationis
919 2011 1023 2083 fuisse,
1052 2027 1087 2073 vt

132 2104 195 2167 hoc
219 2116 330 2165 statum
354 2104 555 2188 significaret,
585 2127 675 2166 sensu
687 2109 806 2176 valere,
834 2104 914 2169 illud
928 2110 1086 2171 actionem

126 2193 225 2262 ¹sensu
248 2217 396 2280 vegetare
403 2224 414 2269 ,·
437 2205 524 2285 quod
549 2203 680 2285 quidem
705 2203 865 2290 Gifirna'us
884 2205 934 2267 ad,
948 2205 1087 2267 Lucretii

132 2295 241 2358 locum
264 2298 405 2359 affirmat
469 2303 580 2382 Itaque
604 2302 703 2361 bene
712 2302 852 2391 seruauit
873 2315 968 2380 neget
992 2286 1088 2364 etiam
1121 2298 1124 2305 ¹

134 2392 413 2474 Havercampius
404 2419 438 2455 ιιι
457 2394 514 2458 tua
538 2397 612 2458 edit.
666 2399 706 2460 In
727 2416 800 2458 mea
823 2379 1000 2497 antiquiore
1023 2396 1084 2477 (cf.

132 2491 379 2573 praefationem)
408 2507 462 2565 eat,
490 2509 568 2575 egat.

193 2697 225 2756 p.
243 2678 310 2737 ead.
339 2680 437 2740 eciam
452 2694 520 2742 tnm
533 2718 571 2727 -
587 2681 721 2753 eortius.
748 2694 783 2740 et
795 2679 864 2742 ιἀηι
878 2694 955 2751 tum,
979 2681 1091 2762 paucis

134 2767 220 2830 libris
231 2779 461 2854 praeeuntibus,
490 2795 600 2853 eontra
622 2798 750 2841 omnem
771 2780 836 2839 vim
856 2779 1003 2839 orationis
1022 2797 1089 2837 sen·

134 2885 279 2949 sumque.
310 2876 580 2954 quemadmodum
602 2896 691 2936 vsum
723 2864 872 2935 Saliustii‘
885 2874 919 2933 in
950 2873 1089 2955 periodis

135 2965 178 3023 ita
189 2986 246 3045 per
259 2972 359 3029 etnam
370 2970 547 3043 flectendis3
568 2974 615 3032 ‘vt
636 2994 667 3053 p.
682 2979 712 3050 4.
739 2973 839 3031 ιιὴιιιι
853 2968 1038 3030 hummare
1048 3000 1089 3017 -·

134 3059 277 3141 inprimis
298 3088 369 3148 ¹¹9²
395 3061 507 3129 Ειιὶιιιι
519 3083 591 3130 tum
607 3070 689 3130 aliar
704 3071 922 3150 magtinatus,
952 3081 987 3126 vt
994 3063 1091 3146 plane

135 3156 170 3214 in
192 3159 252 3220 hoc
278 3183 412 3244 quoque¹
430 3163 502 3228 loco
519 3169 620 3227 maior
638 3165 835 3226 antecedenti
855 3160 953 3225 verbo
970 3161 1091 3242 adponi

135 3257 230 3335 possit
251 3258 425 3321 distinctio:
453 3258 650 3325 exercebunt.
674 3265 787 3324 Eetizm
801 3275 872 3321 tum
898 3273 957 3320 etc.
1000 3255 1091 3337 Quid

135 3367 212 3412 vero
239 3374 298 3435 per
325 3371 358 3415 et
377 3359 446 3421 mm
475 3375 546 3420 tum
570 3361 694 3423 dixisset
717 3357 776 3418 illis
799 3356 991 3438 temporibus
1014 3372 1091 3415 cum

136 3448 207 3517 auis,
230 3466 353 3529 praeter
375 3459 638 3537 expectationem,
661 3473 847 3523 commune.
875 3452 965 3535 quod
983 3464 1092 3510 tamen

135 3540 197 3603 hoc
220 3548 321 3625 posito
344 3555 572 3633 expectandum
597 3552 682 3615 erat?
717 3551 809 3622 Vnde
833 3568 901 3633 cap.
923 3547 994 3613 XV·
1019 3566 1093 3629 pto·

134 3639 241 3718 prium
267 3663 360 3709 auum
380 3646 489 3712 locum
511 3649 614 3715 babet
