2258 3998
125 125 190 208 ¹¹4
348 115 811 193 „‘BEL'LVM'

122 302 192 370 que
214 292 372 356 curaret3
401 274 632 373 dmm-,signo
659 262 753 355 dato,
794 274 948 368 rudique
973 274 1080 343 simul

115 384 255 473 ,elamor
282 391 405 473 ingens
441 384 561 448 oritur.
582 430 585 435 ·
605 402 722 472 neque
752 403 794 447 ea
822 404 877 448 res
906 380 1080 451 Numidas

122 505 249 568 terret3
279 487 407 561 infensi
431 493 629 578 intentique
642 492 718 553 sine
735 484 892 554 tumultu
912 503 1075 554 manente

121 593 295 684 praelium
317 599 495 682 incipitur.
545 593 707 672 Romani,
737 614 804 689 pro
823 599 967 683 ingenio
985 600 1079 684 quis—

121 724 201 790 que,
230 723 307 789 pars
336 704 471 767 eminus
496 696 633 790 glande,
663 715 724 766 aut
749 696 922 790 lapidibus
946 720 1079 790 pugna·

121 831 174 885 re;
205 803 266 870 alii
288 803 487 886 succedere,
511 828 553 871 ac
571 827 722 871 murum
746 803 852 873 modo
878 803 1076 886 subfodere,

111 911 227 989 :modo
263 908 362 979 scalis
399 908 564 1000 adgredi3
607 933 736 1001 cupere
763 907 937 1000 praelium
962 917 1078 976 maui-

121 1017 185 1084 bus
216 1015 340 1085 facere.
390 1017 522 1083 Contra
554 1038 598 1083 ea
631 1014 796 1107 oppidani
826 1022 865 1083 in
888 1037 1077 1105 proxumos

120 1146 198 1189 saxa
223 1121 365 1197 voluere
372 1148 383 1200 ;
410 1120 524 1202 sudes,
553 1118 635 1210 pile,
664 1137 844 1210 praeterea
867 1126 983 1212 picem
1005 1120 1077 1187 sul-

119 1230 234 1320 phure
264 1243 301 1295 et
329 1226 429 1297 taeda
453 1233 599 1293 mixtam
622 1225 780 1295 ardentia
805 1230 957 1294 mittere.
1006 1225 1077 1295 sed

120 1358 187 1401 nec
214 1332 311 1414 illos,
342 1339 407 1424 qui
430 1329 555 1433 procul
579 1336 795 1415 manserant,
827 1338 938 1399 timor
967 1338 1077 1397 animi

119 1446 200 1507 satis
227 1445 438 1507 muniuerat.
470 1460 553 1507 nam
580 1422 764 1528 plerosque
788 1434 900 1505 iacula
924 1438 1077 1519 tormen·

121 1554 177 1627 tis,
206 1561 268 1613 aut
292 1567 400 1617 manu
420 1548 551 1611 emisse
576 1541 819 1611 volnerabaut.
844 1548 996 1634 parique
1014 1565 1076 1633 pe-

119 1649 249 1730 riculo,
296 1648 357 1719 sed
388 1647 524 1715 fama
513 1655 656 1789 impari,
698 1649 782 1723 boui
817 1664 925 1740 atque
955 1653 1076 1773 ignaui

115 1771 228 1822 ¹erant

445 1861 476 1925 C
489 1858 527 1923 A
541 1861 588 1925 P.
635 1858 746 1926 LIV.

187 1964 279 2037 Cum
297 1961 390 2054 apud
410 1964 553 2030 Zamam
574 1968 625 2031 sic
648 1981 820 2049 certatur,
846 1966 1015 2060 Iugurtha
1032 1974 1075 2032 ex

120 2074 311 2160 improuiso
332 2085 443 2136 castra
467 2068 621 2136 hostium
641 2094 723 2136 cum
744 2094 873 2162 magne
892 2086 998 2139 manu
1019 2080 1073 2139 in·

119 2175 231 2254 vadit;
257 2181 420 2255 remissis,
448 2181 508 2266 qui
527 2181 564 2242 in
583 2176 756 2268 pracsidio
770 2193 882 2259 erant,
907 2195 943 2244 et
955 2182 1074 2244 omnia

119 2289 241 2373 magis,
271 2304 381 2371 quam·
396 2278 527 2346 bellum
549 2281 837 2372 exspectantibus,
869 2299 1009 2374 portam
1025 2288 1073 2349 ir-

118 2392 261 2479 rumpit
333 2383 383 2451 A't
410 2390 535 2468 nostri,
567 2395 762 2477 repentino¹
782 2403 881 2455 metu
905 2388 1070 2481 perculsi,

118 2491 184 2559 sibi
201 2496 345 2582 quisque
368 2514 433 2580 pro
455 2491 608 2557 moribus
626 2492 830 2560 consulunt:
860 2494 919 2561 alii
936 2496 1070 2586 fugere,

118 2595 180 2662 alii
207 2621 303 2663 arma
337 2618 462 2686 caper-e
469 2622 479 2675 3
526 2602 651 2687 magna
678 2620 757 2689 pars
782 2598 971 2681 volneruti,
1010 2618 1073 2668 aut

120 2706 234 2769 occisi.
283 2704 450 2771 Ceterum
468 2724 516 2768 ex·
527 2709 627 2767 omni
647 2702 885 2772 multitudine·
898 2728 972 2772 non·
997 2728 1074 2773 am-

120 2805 211 2898 plius
239 2806 483 2898 quadraginta,
524 2813 878 2877 memores-nominis
906 2813 1069 2891 Romani,

120 2936 224 3004 grege
250 2911 359 2993 facto,
393 2912 511 2980 locum
536 2936 672 3003 cepere,
700 2913 837 3004 paullo,
869 2939 974 3008 quam
995 2916 1069 2996 alii,

120 3018 325 3095 editiorem,
353 3041 466 3109 neque
493 3016 575 3085 inde
599 3030 760 3086 maxuma
780 3026 815 3086 ri
839 3021 968 3111 depelli
995 3027 1072 3115 qui·

119 3139 267 3201 verunt3
296 3120 356 3187 sed
379 3122 448 3191 tels
472 3128 608 3192 eminus
626 3131 730 3193 missa
747 3122 940 3207 remittere,
965 3136 1071 3219 pauci

118 3237 155 3298 in
180 3227 338 3322 pluribus
362 3233 476 3294 minus
500 3230 680 3297 frustrati:
711 3237 767 3296 sin
791 3230 965 3298 Numidae
989 3258 1071 3325 pro·

119 3344 196 3424 pius
222 3338 464 3412 accessissent,
504 3333 553 3400 ibi
583 3358 665 3402 vero
691 3342 860 3403 virtutem
887 3339 1071 3407 ostendere

121 3456 157 3504 et
181 3463 237 3506 cos
264 3461 425 3504 maxuma
450 3443 485 3504 vi
512 3438 670 3523 caedere,
712 3440 860 3508 fundere
887 3458 993 3536 atque
1021 3445 1071 3512 fu-

118 3565 209 3632 gare.
279 3544 426 3610 Interim
464 3541 630 3610 Metellus
667 3570 752 3615 cum
783 3570 964 3617 acerrume
994 3574 1071 3635 rem

118 3660 270 3739 gereret,
312 3646 502 3717 clamorem
526 3647 691 3722 hostilem
716 3653 763 3725 ab
787 3669 888 3748 tergo
912 3663 1067 3748 accepim
