2258 3998
307 107 802 181 lvevaruruvu.
970 56 1040 185 sna

80 268 174 348 dein,
206 287 379 335 conuerso
404 286 514 354 equo,
543 264 812 349 animaduertit,
847 269 965 362 fugam
998 273 1043 339 ad

80 398 119 445 se
141 396 285 443 vorsum
315 368 416 439 fieri:
461 390 635 461 quaeres
663 371 839 440 indicabat
864 376 1044 468 popularis

84 502 170 557 esse.
230 478 343 567 Igitur
370 480 567 567 equitatum
591 498 732 542 ornnem
756 478 800 545 ad
829 497 941 567 castra
964 506 1046 574 pro·

84 607 172 679 pere
199 587 326 661 mittit,
355 585 537 648 aestatim
565 579 603 647 C
632 580 787 649 Marium
813 608 895 653 cum
922 589 1046 655 cohor·

85 690 182 761 tibus
207 694 409 765 sociorum
439 706 591 776 eumque
618 682 813 755 lacrumans
837 715 903 780 per
924 699 1047 760 amici}

61 801 184 887 *tiam
211 816 342 885 perque
380 792 625 880 rempublicam
656 794 824 875 obsecrat,
868 820 913 863 ne
940 823 1049 889 quam

87 900 336 969 contumeliam
360 919 537 963 remouere
558 899 597 961 iu
623 916 774 963 exercitu
798 904 938 983 victore,
960 929 1049 971 neue

86 1008 196 1074 hostis
226 1005 357 1071 inultos
386 1004 482 1069 abire
508 1006 627 1069 sinet:
667 999 728 1067 ille
757 1001 856 1073 breui
886 1007 1053 1077 mandata

89 1110 214 1181 efficit.
262 1108 313 1175 At
336 1107 504 1199 Iugurtha
526 1113 747 1175 munimento
769 1125 964 1185 castrorum
984 1118 1051 1182 im-

88 1216 304 1313 peditus-‚¹¹
292 1237 374 1283 cum
404 1211 463 1299 alii
487 1206 592 1302 super
616 1210 746 1279 vallum
777 1225 1053 1309 praecipitaren-

89 1341 169 1403 ¹tur,
201 1318 297 1387 alii'
287 1342 326 1385 1n
355 1321 520 1408 angustiis
551 1323 619 1407 ipsi
645 1317 710 1385 sibi
738 1340 963 1409 properantes
989 1326 1050 1392 ob·

90 1426 255 1505 licerent,
296 1421 419 1507 multis
451 1425 599 1500 amissis,
638 1427 675 1486 in
707 1420 785 1489 loca
813 1435 949 1495 munita
977 1444 1055 1499 sese

90 1537 239 1623 recepit
313 1524 493 1606 Metellus,
516 1525 655 1595 infecto
681 1535 841 1618 negotio,
866 1549 1054 1625 postquem

95 1650 171 1708 rior
188 1635 364 1715 aderat,
353 1656 393 1699 m
420 1648 530 1699 eastra
556 1655 639 1731 oum
669 1642 824 1711 exercitu
845 1646 1048 1709 reuertitur.

445 1810 578 1878 CAP.
614 1810 704 1878 LV.

159 1956 279 2047 Igitur
292 1967 435 2043 postero
456 1949 532 2030 die,
561 1956 658 2041 prius
673 1954 835 2041 quemad
850 1906 1056 2048 oppugnan-

97 2062 186 2133 dum
209 2057 446 2151 egrederetur,
474 2059 670 2146 equitatum
696 2080 837 2124 omnem
858 2068 896 2125 in
921 2085 961 2128 ea
983 2088 1057 2154 par-

97 2186 149 2250 te,
175 2190 245 2261 qua
268 2167 357 2271 regis
380 2161 548 2227 aduentus
574 2176 659 2240 erat,
689 2185 754 2252 pro
780 2171 898 2230 eastris
926 2158 1058 2258 agitare

99 2274 221 2363 iubet,
253 2287 371 2363 portas
396 2283 433 2333 et
457 2289 626 2358 proxuma
652 2264 730 2333 loca
755 2268 903 2336 tribunis
926 2272 1059 2363 disper·-

100 2388 166 2449 tit:
202 2376 328 2445 deinde
346 2381 420 2466 ipse
449 2378 565 2464 pergit
588 2370 632 2437 ad
660 2370 843 2464 oppidum,
872 2392 988 2467 atque,
1022 2397 1060 2447 vt

101 2486 284 2579 superiore
308 2483 375 2560 die,
408 2502 552 2545 murum
575 2476 786 2568 adgreditur.
836 2482 984 2549 Interim
1003 2486 1061 2552 Iu·

102 2590 233 2687 gurtha
256 2611 298 2655 ex
321 2584 459 2654 occulto
489 2599 633 2674 repente
660 2599 796 2651 nostros
822 2587 965 2653 inuadit.
999 2598 1062 2680 qui

104 2705 145 2767 in
182 2686 343 2789 proximo
382 2690 488 2758 locati
519 2689 684 2767 fuerant,
721 2688 913 2780 paullisper
946 2701 1062 2761 territi

105 2799 376 2899 perturbatum
409 2793 538 2886 reliqui
561 2792 876 2863 citosubueniunt.
936 2798 1064 2890 Neque

107 2909 241 2987 diutius
259 2901 435 2972 Numidae
453 2907 615 2968 resistere
636 2905 847 2990 quiuissent,
873 2909 911 2968 ni
927 2904 1064 2992 pedites

110 3036 194 3082 eum
217 3008 392 3103 equitibus
409 3011 575 3099 permixti
596 3028 758 3095 maguam
779 3004 914 3074 cladem
930 3014 967 3074 in
985 3033 1067 3076 con·

110 3140 228 3213 gressu
250 3116 414 3210 faeerent'.
442 3110 568 3204 quibus
593 3107 646 3175 illi
661 3109 755 3190 freti,
779 3134 863 3192 non,
887 3128 925 3181 vt
945 3134 1066 3204 eques.

111 3230 162 3293 tri
184 3220 318 3315 praelio
343 3217 451 3298 solet,
484 3222 602 3306 sequi,
631 3214 714 3282 dein
745 3217 868 3283 cedere
876 3242 886 3296 3
919 3218 979 3297 sed
1007 3219 1067 3287 ad.

111 3333 222 3399 vorsis
247 3332 346 3420 equis
368 3342 589 3404 concurrere,
619 3319 800 3411 implicare
820 3346 861 3389 ae
885 3326 1068 3412 perturba·

113 3459 152 3504 re
180 3434 311 3501 aciem:¹
351 3436 400 3498 ita
432 3427 601 3521 expeditis
627 3425 803 3519 peditibus
834 3429 923 3510 suis,
959 3429 1068 3503 hortis

113 3562 228 3636 paene
256 3544 366 3610 victos
396 3535 488 3604 dare.

533 3712 704 3820 ¹Ha
