2258 3998
139 107 201 177 2a
367 152 371 159 .
444 101 761 174 tantvm

134 287 203 356 que
232 258 445 342 inteudamt,¹
474 282 530 327 res
552 259 720 329 aduorsae
745 276 855 328 erant.
905 260 1111 343 Sadiuter„

83 382 86 391 ’
135 367 192 436 eas
220 388 334 435 motat
360 381 507 456 repente
534 389 607 432 sese
632 365 799 434 Metellus
828 390 911 435 cum
936 375 1093 434 exercitu

130 472 298 542 ostendit.
363 470 536 538 Numidae
565 469 608 536 ab
638 471 805 562 Iugurtha
838 495 904 563 pro
927 489 1094 563 tempore

135 582 248 671 parati
281 580 532 667 instructiqu03
581 574 663 649 dein
699 574 873 666 praelium
907 585 1089 668 incipitur.

130 687 215 771 Qua
241 686 278 749 in
303 696 404 771 parte
428 703 488 747 rex
513 679 644 777 adfluit,
672 680 720 747 ibi
746 670 960 772 aliquamdiu
987 700 1095 751 certa-

136 805 234 866 tum3
272 788 380 852 ceteri
416 808 536 852 omnes
564 774 658 870 (eius
683 784 831 871 milites)
846 811 849 816 ·
865 793 982 879 primo
1008 808 1092 856 con-

130 918 242 962 -curau
276 889 370 984 pulsi
401 893 592 997 fugatique.
663 890 812 958 Romani
849 899 1033 985 signorum.
1056 911 1093 964 et

137 1017 313 1069 armorum
335 995 514 1086 aliquanto
535 1019 696 1076 numera,
722 997 876 1063 hostium
896 1021 1092 1090 paucorum

132 1108 251 1198 potiti.
286 1125 368 1168 nam
401 1102 513 1168 ferme
539 1101 709 1168 Numidas
735 1105 772 1168 in
803 1104 962 1203 omnibus
991 1127 1091 1197 prae·

138 1209 193 1279 liia
220 1207 326 1301 pedes
349 1210 476 1297 magis,
505 1230 611 1314 quam
640 1230 736 1273 arma
763 1224 841 1275 tuta
861 1222 956 1279 sunt·

447 1362 766 1453 oAntmm
864 1474 867 1479 ,
956 1458 959 1463 ,

202 1528 254 1595 Ea
292 1527 375 1616 iuga
408 1524 576 1615 Iugurtha
613 1528 804 1616 impensius
845 1524 1103 1596 modo-iebus-

133 1637 221 1702 auia:
234 1630 393 1699 diffident
425 1653 506 1697 oum
533 1629 687 1721 perfugis
721 1649 757 1699 et
782 1650 882 1723 parte
916 1640 1091 1725 equitatus

132 1745 177 1807 in
199 1736 416 1814 solitudines,
440 1734 521 1802 dein
543 1734 693 1803 Thalam
718 1747 899 1828 peruenit,
924 1738 962 1805 iii
989 1742 1091 1828 oppi-

133 1843 223 1910 dum
250 1856 415 1930 magnum
440 1858 476 1909 et
503 1838 722 1932 opulentum,
748 1842 805 1911 vbi
825 1843 986 1936 plerique
1004 1843 1090 1910 :the-

132 1955 243 2027 a'auri,
272 1945 494 2036 filiorumque
523 1951 602 2013 eius.
621 1946 751 2016 multus
781 1954 951 2040 pueritiae
975 1946 1092 2015 cultus

138 2068 222 2119 erat.
272 2053 370 2139 Quae
388 2068 572 2143 postquam
589 2051 737 2120 Metello
754 2071 952 2146 comperta‚-
973 2076 1091 2146 quam·

138 2181 242 2249 quam
263 2164 356 2222 inter
380 2157 529 2224 Thalam
552 2156 752 2257 flumenque
773 2163 983 2251 proximum,
1012 2180 1091 2248 spa-

30 2340 33 2345 V
137 2271 190 2329 tio
208 2261 358 2373 milliup
376 2266 634 2355 quinquaginta,
664 2262 740 2331 loca
760 2266 855 2331 arida
871 2281 977 2356 atque
995 2278 1092 2332 vasta

137 2393 210 2437 esse
235 2384 464 2459 cognouerat3
492 2385 610 2437 tamen
638 2393 701 2461 ape
729 2368 1014 2460 patrandi-belli,
1045 2371 1091 2454 (si

131 2479 210 2542 eius
232 2473 352 2565 oppidi
377 2479 511 2566 potitus
535 2474 646 2558 foret)
674 2479 784 2543 omnis
813 2481 1090 2567 asperitateaeu-

132 2581 347 2672 peruadere,
383 2605 423 2647 ac
449 2596 610 2647 naturam
635 2586 740 2648 etiam
768 2585 904 2648 vincere
931 2578 1090 2670 adgredi-

130 2701 205 2753 tur.
253 2687 364 2777 Igitur
377 2689 492 2751 omnia
513 2692 671 2753 iumenta
685 2685 953 2754 sarcinisleuari
977 2683 1087 2762 iubet,

101 2862 102 2866 ,
135 2794 203 2857 nisi
229 2791 408 2868 frumento
438 2788 577 2857 dierum
611 2790 758 2872 decem3
800 2809 958 2860 ceterum
994 2806 1088 2859 vates

134 2895 254 2974 modo,
282 2894 408 2963 atalia
434 2918 542 2988 aquae
566 2896 691 2964 idonea
717 2902 857 2988 portari.
878 2926 893 2961 .·
906 2899 1090 2963 Praeterea

135 3002 311 3090 conquirit
338 3023 378 3067 ex
401 3006 503 3094 agris,
529 3001 847 3095 quamplurimum
868 3017 996 3093 potest,
1024 2999 1088 3067 do·

134 3110 213 3175 miti
237 3111 392 3195 pecoris3
422 3128 533 3198 eoque
559 3112 711 3200 imponit
735 3131 811 3177 vasa
833 3116 1000 3198 cuiusque
1027 3129 1088 3196 ge·

133 3215 237 3289 neris,
264 3208 429 3303 pleraque
452 3211 578 3304 lignea,
605 3212 752 3281 collecta
779 3237 819 3281 ex
841 3217 989 3304 tuguriis
1009 3211 1088 3279 Nu-

134 3316 317 3383 midarum.
386 3317 445 3384 Ad
474 3318 543 3384 hoc
566 3315 734 3387 finitumis
763 3324 924 3410 imperat,
960 3323 1022 3409 qui
1049 3338 1087 3383 se

35 3499 38 3503 ἵ
131 3436 211 3508 post
238 3427 328 3514 regis
352 3424 470 3514 fugam
494 3422 645 3492 Metello
668 3424 847 3505 dederant,
873 3447 978 3515 quam
1006 3420 1087 3512 plu·

131 3528 262 3593 nimum
287 3533 432 3621 quisque
456 3549 566 3620 aquae
591 3543 791 3619 portarent,
831 3529 925 3609 diem
957 3527 1103 3594 locum·-

131 3650 211 3723 que,
239 3634 302 3701 obi
313 3653 449 3728 praesto
458 3633 611 3724 fuerim,
628 3634 808 3732 praedicit.
857 3634 936 3728 lpse
952 3656 994 3701 ex
1018 3631 1084 3699 ssu-
