2258 3998
124 86 126 91 ’
233 107 531 205 visitavit
552 62 891 182 n‘rorronviu.
972 100 1050 208 ‘199

81 268 223 360 'quisque
239 256 408 355 propterea
430 268 576 328 inimicus
596 257 774 339 habeatur}
793 224 904 352 sitqiio¹
919 268 980 331 alia
998 290 1049 335 ης

85 373 123 453 in
147 371 348 447 aduersario.
412 366 525 451 ltaque
548 363 677 425 infestus
704 367 850 429 inimicus
872 368 925 430 hic
948 368 1049 445 idem,

86 462 187 554 quod.
199 466 385 527 acerrimus.
412 472 415 481 '

80 570 96 585 ““
128 564 300 626 ·Ceternm
321 558 405 643 apud
427 558 562 619 Florum
583 556 625 619 11.
641 581 661 619 ι
676 556 811 622 terbum
836 563 1051 646 infhsntmsff-

73 646 240 726 infestum
265 673 296 718 et
324 652 475 717 insessum
495 654 656 716 tumulum
679 652 721 704 ὲ·-
745 654 859 720 e'odem
878 662 976 724 modo
994 648 1052 725 ¹'ln-

84 754 207 821 'festum
226 778 263 816 ac
283 757 421 815 inuisum
442 751 505 813 luit
518 754 750 834 interpretibus
773 769 808 815 vt
827 758 899 818 eiici
921 758 1047 823 vellent.

86 856 262 918 Tuendum
274 846 387 913 tamer't'
398 850 550 922 ibidem,
541 852 699 911 verissima
717 869 866 913 monente
878 842 1052 939 Salmasio,

83 952 181 1039 :fillum
209 948 368 1012 tumulum
403 968 470 1007 non
499 948 597 1008 modo
617 962 807 1029 occupatum
837 948 877 1011 ab
902 950 1054 1027 hostibus.

88 1052 146 1112 'sed
168 1050 262 1110 etiam
282 1049 431 1128 iniquum
451 1058 548 1127 atque
563 1026 714 1105 infestum
737 1044 886 1107 Romanis
904 1036 1047 1108 fuisse.

151 1167 182 1228 p.
202 1167 248 1228 17
275 1142 397 1213 eadem,
420 1138 613 1224 quaemihi
633 1130 884 1226 bonthnaleqne
928 1146 985 1206 H1s
998 1145 1054 1209 etl

86 1242 173 1304 'dunt
189 1241 256 1301 fere
277 1260 385 1300 omnes
405 1236 479 1299 libn'
497 1256 564 1297 esse
585 1253 617 1300 et
634 1241 772 1298 retinent
786 1260 882 1322 quae.
927 1240 1053 1305 Cottius

87 1336 277 1419 earumque,
304 1351 339 1397 vt
360 1333 466 1405 solet‚“
485 1328 680 1414 imperiosius
701 1337 801 1394 eiecit.
839 1324 985 1397 Primurtl
996 1341 1054 1400 ita·

89 1454 158 1520 qne
174 1434 312 1504 seruaui,
337 1433 489 1514 'quoniam
504 1427 621 1488 eadem
640 1428 725 1488 milti
746 1432 839 1490 nimis
864 1432 985 1494 duriter
1005 1436 1054 1497 di.

85 1528 178 1594 'ctum
197 1526 371 1591 videbatur.
434 1536 438 1541 '
847 1514 851 1523 ⁸

92 1628 98 1657 ³
151 1663 192 1675 --
230 1659 273 1673 -·
311 1637 435 1685 nosmet
452 1620 593 1706 epsivin.
621 1620 702 1692 H'oc,
718 1622 788 1705 ”pro
802 1627 887 1707 tyrsos
904 1625 1052 1707 aliorum,

89 1732 245 1807 tanqtram
276 1720 445 1811 elegantius
477 1734 572 1803 atque
603 1712 747 1780 Sallustio
773 1723 917 1784 vsitatum
943 1728 1051 1807 (XIX.

91 1836 213 1885 suamet
234 1819 319 1899 ipse')
346 1812 471 1877 retinui.
575 1828 591 1837 '‘
1071 1842 1091 1911 s

92 1920 115 1935 ’“
152 1952 193 1965 --
231 1950 272 1962 --
311 1914 455 1996 repulsos
480 1913 571 1975 nobis
601 1902 814 1999 reliquere-
843 1915 897 1978 alii
918 1908 1054 2003 repulsis

91 2024 132 2064 ῖ-
154 2029 187 2074 et
210 2029 381 2092 utrumque
410 2012 524 2072 ordine
547 2025 667 2069 mutato
684 2008 745 2080 vel,
778 2012 866 2074 nobis
894 2016 1054 2101 reliquere

92 2108 241 2191 sepultas,
267 2109 328 2176 vel,
354 2107 443 2167 nobis
461 2105 590 2188 repulsis
606 2104 772 2185 reliquere
816 2106 980 2195 Quicquid
999 2132 1054 2177 sta-

93 2214 200 2269 tuatur
233 2205 272 2264 de
295 2205 357 2265 hoe
373 2203 545 2271 verborum
577 2200 700 2270 or'dlne‚
729 2200 867 2275 mallem,
883 2210 1050 2293 repulsas.

93 2304 213 2366 Nam
204 2323 239 2360 tn
268 2300 485 2382 hocquoque
511 2318 646 2359 numero
672 2312 703 2356 et
725 2316 799 2359 casu
822 2304 891 2364 satis
920 2306 1054 2369 latinum

94 2414 151 2469 est,
175 2399 328 2458 vtLiuius
345 2391 475 2481 quoque
491 2396 638 2456 XXXIX.
653 2392 702 2454 56.
722 2410 798 2477 post
810 2396 896 2461 duas
910 2404 1055 2485 rapttdras'

93 2504 162 2560 ‘non
184 2495 377 2556 dubitauerit
399 2495 545 2554 scribere.
598 2492 693 2552 Possit
708 2492 840 2573 quidem
861 2494 972 2580 aliquis
991 2503 1055 2563 exi·

94 2594 221 2654 stimare
242 2590 376 2650 verbnm
391 2592 580 2673 ¹relinquere
604 2589 702 2671 magis
723 2590 880 2671 postulare
904 2596 1055 2677 repulsiss

95 2691 187 2775 quasi
202 2688 340 2748 dixisset:
363 2701 530 2769 postquam
547 2684 636 2746 nobis
651 2684 864 2769 magistratum
878 2690 1060 2774 petentibus¹

94 2785 233 2868 repulsas
269 2783 448 2854 dederunt.
482 2781 561 2841 nihil
599 2780 759 2864 reliquum
794 2783 941 2850 fecerunt
964 2778 1056 2874 prae·

96 2888 146 2945 ter
163 2878 303 2964 pericula
328 2896 386 2940 etc.
437 2879 500 2939 Sed
521 2881 678 2960 reliquere
699 2893 784 2981 patet
807 2887 925 2965 optime
946 2868 1057 2950 coliae·

95 3000 168 3043 rere
195 2998 269 3038 cum
288 2972 603 3036 antecedentibus—
625 2973 715 3035 sibi
700 2996 825 3062 suisque
837 2999 977 3066 granam
997 2980 1056 3066 po·

96 3076 229 3157 dentiam
249 3089 307 3134 etc.
336 3073 531 3145 tribuerunt,
564 3070 653 3136 nobis
673 3072 831 3175 reliquere
862 3079 918 3139 rel.
962 3079 1057 3145 Plura

96 3152 195 3236 vide
186 3193 219 3232 m
236 3171 502 3259 interpretatione
899 3193 901 3197 ’

123 3286 188 3350 p.
212 3289 257 3348 17.
283 3269 332 3326 in
328 3286 515 3350 paucorum
532 3267 588 3327 iusi
648 3265 772 3329 Ante
755 3279 805 3329 zu's
826 3272 969 3332 inserunt
989 3274 1058 3357 qui·

98 3366 173 3429 darn
192 3368 390 3475 potentium
427 3366 471 3423 vti
495 3384 566 3423 mea
595 3384 725 3447 quoque
757 3367 864 3438 editio,
901 3369 941 3429 de
967 3368 1053 3453 1495.

97 3462 164 3525 sed·
184 3447 307 3521 faciunt
328 3475 437 3522 contra
456 3478 546 3520 nsum
565 3458 691 3542 linguae
711 3477 743 3521 et
760 3461 893 3523 Sallustii
916 3466 974 3545 (ol.
999 3470 1057 3528 In·

98 3558 206 3622 dt'cem
218 3559 370 3639 ῖιιιίιιίιη)
395 3578 500 3640 neque
521 3557 675 3616 Graecis
666 3572 809 3639 ignotum
830 3575 884 3625 aut
897 3565 1000 3643 potius
1016 3552 1058 3626 al)

101 3656 231 3720 eneas
242 3654 284 3718 ad
297 3651 410 3716 latinos
424 3650 613 3717 uanslatum.
657 3654 707 3715 Ita
716 3653 1004 3739 Thucydidem.
1016 3666 1071 3736 tq.

580 3750 658 3819 Ns
