<?xml version="1.0" encoding="UTF-8"?>
<!DOCTYPE html PUBLIC "-//W3C//DTD XHTML 1.0 Transitional//EN"
    "http://www.w3.org/TR/xhtml1/DTD/xhtml1-transitional.dtd">
<html xmlns="http://www.w3.org/1999/xhtml" xml:lang="en" lang="en">
 <head>
  <title>
</title>
<meta http-equiv="Content-Type" content="text/html;charset=utf-8" />
  <meta name='ocr-system' content='tesseract 3.04.00' />
  <meta name='ocr-capabilities' content='ocr_page ocr_carea ocr_par ocr_line ocrx_word'/>
</head>
<body>
  <div class='ocr_page' id='page_1' title='image "./caivscrispvssal00sallgoog_0194.png"; bbox 0 0 2258 3998; ppageno 0'>
   <div class='ocr_carea' id='block_1_1' title="bbox 227 74 1043 207">
    <p class='ocr_par' dir='ltr' id='par_1_1' title="bbox 227 74 1043 207">
     <span class='ocr_line' id='line_1_1' title="bbox 227 74 1043 207; baseline 0.012 -17"><span class='ocrx_word' id='word_1_1' title='bbox 227 116 895 193; x_wconf 75' lang='lat' dir='ltr'><strong>vuastotttstttsaatttcau.</strong></span> <span class='ocrx_word' id='word_1_2' title='bbox 951 74 1043 207; x_wconf 52' lang='lat' dir='ltr'><strong>‘aas</strong></span> 
     </span>
    </p>
   </div>
   <div class='ocr_carea' id='block_1_2' title="bbox 58 277 1118 2289">
    <p class='ocr_par' dir='ltr' id='par_1_2' title="bbox 58 277 1118 1904">
     <span class='ocr_line' id='line_1_2' title="bbox 79 277 1037 366; baseline 0.004 -20"><span class='ocrx_word' id='word_1_3' title='bbox 79 281 191 346; x_wconf 74' lang='lat' dir='ltr'><strong>nautis</strong></span> <span class='ocrx_word' id='word_1_4' title='bbox 210 279 261 361; x_wconf 68' lang='lat'><strong>34.</strong></span> <span class='ocrx_word' id='word_1_5' title='bbox 288 279 329 338; x_wconf 84' lang='lat' dir='ltr'><strong>V.</strong></span> <span class='ocrx_word' id='word_1_6' title='bbox 344 277 381 340; x_wconf 90' lang='lat' dir='ltr'><strong>C.</strong></span> <span class='ocrx_word' id='word_1_7' title='bbox 402 297 464 362; x_wconf 84' lang='lat' dir='ltr'><strong>7oa</strong></span> <span class='ocrx_word' id='word_1_8' title='bbox 481 278 617 360; x_wconf 79' lang='lat' dir='ltr'><strong>adeptus·</strong></span> <span class='ocrx_word' id='word_1_9' title='bbox 632 292 683 340; x_wconf 86' lang='lat' dir='ltr'><strong>est·</strong></span> <span class='ocrx_word' id='word_1_10' title='bbox 697 277 908 342; x_wconf 68' lang='lat' dir='ltr'>Tribunatum</span> <span class='ocrx_word' id='word_1_11' title='bbox 929 283 1037 366; x_wconf 82' lang='lat' dir='ltr'><strong>plebis.</strong></span> 
     </span>
     <span class='ocr_line' id='line_1_3' title="bbox 81 376 1040 462; baseline 0.011 -29"><span class='ocrx_word' id='word_1_12' title='bbox 81 378 125 443; x_wconf 81' lang='lat' dir='ltr'><strong>ln</strong></span> <span class='ocrx_word' id='word_1_13' title='bbox 146 399 213 460; x_wconf 86' lang='lat' dir='ltr'><strong>quo</strong></span> <span class='ocrx_word' id='word_1_14' title='bbox 236 376 416 458; x_wconf 81' lang='lat' dir='ltr'><strong>magistratu</strong></span> <span class='ocrx_word' id='word_1_15' title='bbox 438 377 569 455; x_wconf 84' lang='lat' dir='ltr'><strong>pessime</strong></span> <span class='ocrx_word' id='word_1_16' title='bbox 593 395 626 435; x_wconf 88' lang='lat' dir='ltr'><strong>se</strong></span> <span class='ocrx_word' id='word_1_17' title='bbox 651 379 750 458; x_wconf 78' lang='lat' dir='ltr'><strong>gessit,</strong></span> <span class='ocrx_word' id='word_1_18' title='bbox 776 377 932 462; x_wconf 74' lang='lat' dir='ltr'>rebusque</span> <span class='ocrx_word' id='word_1_19' title='bbox 956 403 1040 449; x_wconf 90' lang='lat' dir='ltr'><strong>anno</strong></span> 
     </span>
     <span class='ocr_line' id='line_1_4' title="bbox 80 471 1039 553; baseline 0.004 -17"><span class='ocrx_word' id='word_1_20' title='bbox 80 488 333 551; x_wconf 82' lang='lat' dir='ltr'><strong>commemorato</strong></span> <span class='ocrx_word' id='word_1_21' title='bbox 357 487 390 532; x_wconf 87' lang='lat' dir='ltr'><strong>et</strong></span> <span class='ocrx_word' id='word_1_22' title='bbox 420 472 542 532; x_wconf 86' lang='lat' dir='ltr'><strong>duobus</strong></span> <span class='ocrx_word' id='word_1_23' title='bbox 564 471 798 553; x_wconf 76' lang='lat' dir='ltr'><strong>insequentibus</strong></span> <span class='ocrx_word' id='word_1_24' title='bbox 825 478 898 536; x_wconf 87' lang='lat' dir='ltr'><strong>actia</strong></span> <span class='ocrx_word' id='word_1_25' title='bbox 921 477 1039 553; x_wconf 78' lang='lat' dir='ltr'><strong>effecit,</strong></span> 
     </span>
     <span class='ocr_line' id='line_1_5' title="bbox 79 569 1042 652; baseline 0.003 -17"><span class='ocrx_word' id='word_1_26' title='bbox 79 578 136 635; x_wconf 65' lang='grc' dir='ltr'><strong>ἠ’</strong></span> <span class='ocrx_word' id='word_1_27' title='bbox 152 592 224 633; x_wconf 88' lang='lat' dir='ltr'><strong>nou-</strong></span> <span class='ocrx_word' id='word_1_28' title='bbox 238 572 304 630; x_wconf 88' lang='lat' dir='ltr'><strong>sine</strong></span> <span class='ocrx_word' id='word_1_29' title='bbox 334 570 507 652; x_wconf 79' lang='lat' dir='ltr'><strong>ignominia</strong></span> <span class='ocrx_word' id='word_1_30' title='bbox 536 586 575 628; x_wconf 84' lang='lat' dir='ltr'><strong>ea</strong></span> <span class='ocrx_word' id='word_1_31' title='bbox 605 569 720 629; x_wconf 80' lang='lat' dir='ltr'><strong>Senatu</strong></span> <span class='ocrx_word' id='word_1_32' title='bbox 751 570 925 634; x_wconf 88' lang='lat' dir='ltr'><strong>eiiceretur.</strong></span> <span class='ocrx_word' id='word_1_33' title='bbox 978 576 1042 639; x_wconf 84' lang='lat' dir='ltr'><strong>Sed</strong></span> 
     </span>
     <span class='ocr_line' id='line_1_6' title="bbox 58 663 1041 750; baseline -0.002 -23"><span class='ocrx_word' id='word_1_34' title='bbox 58 669 244 741; x_wconf 66' lang='lat' dir='ltr'><strong>¹restitutus</strong></span> <span class='ocrx_word' id='word_1_35' title='bbox 275 663 382 747; x_wconf 89' lang='lat' dir='ltr'><strong>paullo</strong></span> <span class='ocrx_word' id='word_1_36' title='bbox 407 681 478 746; x_wconf 85' lang='lat' dir='ltr'><strong>post</strong></span> <span class='ocrx_word' id='word_1_37' title='bbox 497 685 557 745; x_wconf 90' lang='lat' dir='ltr'><strong>per</strong></span> <span class='ocrx_word' id='word_1_38' title='bbox 584 665 610 724; x_wconf 90' lang='lat' dir='ltr'><strong>l.</strong></span> <span class='ocrx_word' id='word_1_39' title='bbox 638 663 818 736; x_wconf 80' lang='lat' dir='ltr'><strong>Caesarem,</strong></span> <span class='ocrx_word' id='word_1_40' title='bbox 855 671 911 750; x_wconf 90' lang='lat' dir='ltr'><strong>qui</strong></span> <span class='ocrx_word' id='word_1_41' title='bbox 934 673 963 731; x_wconf 88' lang='lat' dir='ltr'><strong>ei</strong></span> <span class='ocrx_word' id='word_1_42' title='bbox 986 673 1041 733; x_wconf 87' lang='lat' dir='ltr'><strong>im.</strong></span> 
     </span>
     <span class='ocr_line' id='line_1_7' title="bbox 81 760 1042 851; baseline 0.005 -25"><span class='ocrx_word' id='word_1_43' title='bbox 81 785 183 851; x_wconf 71' lang='lat' dir='ltr'><strong>panse</strong></span> <span class='ocrx_word' id='word_1_44' title='bbox 202 762 338 830; x_wconf 80' lang='lat' dir='ltr'><strong>fauebat,</strong></span> <span class='ocrx_word' id='word_1_45' title='bbox 360 760 431 823; x_wconf 90' lang='lat' dir='ltr'><strong>loco</strong></span> <span class='ocrx_word' id='word_1_46' title='bbox 447 775 545 844; x_wconf 89' lang='lat' dir='ltr'><strong>atque</strong></span> <span class='ocrx_word' id='word_1_47' title='bbox 563 761 704 842; x_wconf 84' lang='lat' dir='ltr'><strong>dignitati</strong></span> <span class='ocrx_word' id='word_1_48' title='bbox 714 772 798 832; x_wconf 84' lang='lat' dir='ltr'><strong>snae,</strong></span> <span class='ocrx_word' id='word_1_49' title='bbox 815 761 844 844; x_wconf 77' lang='lat'><strong>⁴¹)</strong></span> <span class='ocrx_word' id='word_1_50' title='bbox 867 763 906 824; x_wconf 87' lang='lat' dir='ltr'><strong>ab</strong></span> <span class='ocrx_word' id='word_1_51' title='bbox 928 769 1042 831; x_wconf 85' lang='lat' dir='ltr'><strong>eodem</strong></span> 
     </span>
     <span class='ocr_line' id='line_1_8' title="bbox 85 858 1044 942; baseline 0.001 -19"><span class='ocrx_word' id='word_1_52' title='bbox 85 862 236 942; x_wconf 80' lang='lat' dir='ltr'><strong>deinceps</strong></span> <span class='ocrx_word' id='word_1_53' title='bbox 264 858 453 937; x_wconf 82' lang='lat' dir='ltr'><strong>Quaestum,</strong></span> <span class='ocrx_word' id='word_1_54' title='bbox 488 858 649 927; x_wconf 88' lang='lat' dir='ltr'><strong>Praetura,</strong></span> <span class='ocrx_word' id='word_1_55' title='bbox 684 858 811 919; x_wconf 87' lang='lat' dir='ltr'><strong>tandem</strong></span> <span class='ocrx_word' id='word_1_56' title='bbox 846 861 1044 932; x_wconf 74' lang='lat' dir='ltr'><strong>Praefectum</strong></span> 
     </span>
     <span class='ocr_line' id='line_1_9' title="bbox 83 953 1041 1037; baseline 0.005 -18"><span class='ocrx_word' id='word_1_57' title='bbox 83 956 264 1019; x_wconf 62' lang='lat' dir='ltr'><strong>Numidiae.</strong></span> <span class='ocrx_word' id='word_1_58' title='bbox 278 970 404 1018; x_wconf 89' lang='lat' dir='ltr'><strong>ornatus</strong></span> <span class='ocrx_word' id='word_1_59' title='bbox 420 970 474 1026; x_wconf 85' lang='lat' dir='ltr'><strong>est,</strong></span> <span class='ocrx_word' id='word_1_60' title='bbox 493 955 532 1013; x_wconf 88' lang='lat' dir='ltr'><strong>-in</strong></span> <span class='ocrx_word' id='word_1_61' title='bbox 549 974 628 1035; x_wconf 82' lang='lat' dir='ltr'><strong>qua,</strong></span> <span class='ocrx_word' id='word_1_62' title='bbox 653 953 819 1034; x_wconf 84' lang='lat' dir='ltr'><strong>expilando</strong></span> <span class='ocrx_word' id='word_1_63' title='bbox 831 961 1041 1037; x_wconf 86' lang='lat' dir='ltr'><strong>prouinciam,</strong></span> 
     </span>
     <span class='ocr_line' id='line_1_10' title="bbox 83 1048 1042 1134; baseline 0.01 -23"><span class='ocrx_word' id='word_1_64' title='bbox 83 1054 220 1117; x_wconf 82' lang='lat' dir='ltr'><strong>modum</strong></span> <span class='ocrx_word' id='word_1_65' title='bbox 242 1052 399 1133; x_wconf 85' lang='lat' dir='ltr'><strong>prodendi</strong></span> <span class='ocrx_word' id='word_1_66' title='bbox 423 1052 540 1133; x_wconf 83' lang='lat' dir='ltr'><strong>ingenii</strong></span> <span class='ocrx_word' id='word_1_67' title='bbox 563 1051 611 1108; x_wconf 88' lang='lat' dir='ltr'><strong>sui</strong></span> <span class='ocrx_word' id='word_1_68' title='bbox 633 1048 779 1130; x_wconf 85' lang='lat' dir='ltr'><strong>expleuit.</strong></span> <span class='ocrx_word' id='word_1_69' title='bbox 802 1051 854 1134; x_wconf 66' lang='lat'><strong>¹⁵⁴)</strong></span> <span class='ocrx_word' id='word_1_70' title='bbox 906 1056 1042 1124; x_wconf 73' lang='lat' dir='ltr'><strong>Fastidio</strong></span> 
     </span>
     <span class='ocr_line' id='line_1_11' title="bbox 84 1144 1043 1231; baseline 0.008 -21"><span class='ocrx_word' id='word_1_71' title='bbox 84 1149 206 1215; x_wconf 78' lang='lat' dir='ltr'><strong>deinde</strong></span> <span class='ocrx_word' id='word_1_72' title='bbox 221 1149 430 1231; x_wconf 83' lang='lat' dir='ltr'><strong>negotiorum,</strong></span> <span class='ocrx_word' id='word_1_73' title='bbox 456 1166 537 1229; x_wconf 87' lang='lat' dir='ltr'><strong>quaa</strong></span> <span class='ocrx_word' id='word_1_74' title='bbox 553 1144 685 1207; x_wconf 85' lang='lat' dir='ltr'><strong>fortassis</strong></span> <span class='ocrx_word' id='word_1_75' title='bbox 703 1149 803 1209; x_wconf 83' lang='lat' dir='ltr'><strong>etiam</strong></span> <span class='ocrx_word' id='word_1_76' title='bbox 825 1170 890 1213; x_wconf 90' lang='lat' dir='ltr'><strong>non</strong></span> <span class='ocrx_word' id='word_1_77' title='bbox 908 1175 947 1216; x_wconf 87' lang='lat' dir='ltr'><strong>ex</strong></span> <span class='ocrx_word' id='word_1_78' title='bbox 974 1177 1043 1218; x_wconf 88' lang='lat' dir='ltr'><strong>seu·</strong></span> 
     </span>
     <span class='ocr_line' id='line_1_12' title="bbox 85 1241 1044 1332; baseline 0.009 -26"><span class='ocrx_word' id='word_1_79' title='bbox 85 1247 186 1307; x_wconf 64' lang='lat' dir='ltr'><strong>mnus</strong></span> <span class='ocrx_word' id='word_1_80' title='bbox 207 1244 380 1326; x_wconf 87' lang='lat' dir='ltr'><strong>procedere</strong></span> <span class='ocrx_word' id='word_1_81' title='bbox 415 1243 581 1315; x_wconf 80' lang='lat' dir='ltr'><strong>sentiebat,</strong></span> <span class='ocrx_word' id='word_1_82' title='bbox 616 1241 775 1327; x_wconf 85' lang='lat' dir='ltr'><strong>reliquum</strong></span> <span class='ocrx_word' id='word_1_83' title='bbox 798 1249 878 1309; x_wconf 89' lang='lat' dir='ltr'><strong>vitas</strong></span> <span class='ocrx_word' id='word_1_84' title='bbox 902 1255 1044 1332; x_wconf 83' lang='lat' dir='ltr'><strong>priuatus</strong></span> 
     </span>
     <span class='ocr_line' id='line_1_13' title="bbox 84 1340 1045 1426; baseline 0.012 -25"><span class='ocrx_word' id='word_1_85' title='bbox 84 1360 184 1426; x_wconf 78' lang='lat' dir='ltr'><strong>agere</strong></span> <span class='ocrx_word' id='word_1_86' title='bbox 207 1342 372 1402; x_wconf 85' lang='lat' dir='ltr'><strong>constituit.</strong></span> <span class='ocrx_word' id='word_1_87' title='bbox 427 1340 574 1401; x_wconf 78' lang='lat' dir='ltr'><strong>Mortuus</strong></span> <span class='ocrx_word' id='word_1_88' title='bbox 596 1355 650 1410; x_wconf 86' lang='lat' dir='ltr'><strong>est,</strong></span> <span class='ocrx_word' id='word_1_89' title='bbox 677 1360 760 1405; x_wconf 86' lang='lat' dir='ltr'><strong>auno</strong></span> <span class='ocrx_word' id='word_1_90' title='bbox 781 1348 887 1406; x_wconf 87' lang='lat' dir='ltr'><strong>aetatis</strong></span> <span class='ocrx_word' id='word_1_91' title='bbox 909 1369 984 1420; x_wconf 88' lang='lat' dir='ltr'><strong>non,</strong></span> <span class='ocrx_word' id='word_1_92' title='bbox 1010 1366 1045 1413; x_wconf 88' lang='lat' dir='ltr'><strong>vt</strong></span> 
     </span>
     <span class='ocr_line' id='line_1_14' title="bbox 84 1434 1045 1520; baseline 0.007 -19"><span class='ocrx_word' id='word_1_93' title='bbox 84 1436 136 1501; x_wconf 76' lang='lat' dir='ltr'><strong>lo.</strong></span> <span class='ocrx_word' id='word_1_94' title='bbox 164 1434 305 1497; x_wconf 81' lang='lat' dir='ltr'><strong>Clericus</strong></span> <span class='ocrx_word' id='word_1_95' title='bbox 324 1436 401 1505; x_wconf 88' lang='lat' dir='ltr'><strong>vult,</strong></span> <span class='ocrx_word' id='word_1_96' title='bbox 427 1436 514 1496; x_wconf 87' lang='lat' dir='ltr'><strong>Lxx</strong></span> <span class='ocrx_word' id='word_1_97' title='bbox 535 1455 644 1496; x_wconf 81' lang='lat' dir='ltr'><strong>verum</strong></span> <span class='ocrx_word' id='word_1_98' title='bbox 665 1437 703 1496; x_wconf 90' lang='lat' dir='ltr'><strong>L.</strong></span> <span class='ocrx_word' id='word_1_99' title='bbox 729 1440 754 1497; x_wconf 88' lang='lat' dir='ltr'><strong>si</strong></span> <span class='ocrx_word' id='word_1_100' title='bbox 774 1441 902 1520; x_wconf 88' lang='lat' dir='ltr'><strong>quidem</strong></span> <span class='ocrx_word' id='word_1_101' title='bbox 922 1462 1045 1508; x_wconf 87' lang='lat' dir='ltr'><strong>certum</strong></span> 
     </span>
     <span class='ocr_line' id='line_1_15' title="bbox 87 1529 1118 1622; baseline 0.001 -27"><span class='ocrx_word' id='word_1_102' title='bbox 87 1535 224 1595; x_wconf 71' lang='lat' dir='ltr'><strong>numism</strong></span> <span class='ocrx_word' id='word_1_103' title='bbox 240 1533 296 1603; x_wconf 87' lang='lat' dir='ltr'><strong>id,</strong></span> <span class='ocrx_word' id='word_1_104' title='bbox 329 1533 417 1615; x_wconf 85' lang='lat' dir='ltr'><strong>quod</strong></span> <span class='ocrx_word' id='word_1_105' title='bbox 439 1532 504 1612; x_wconf 86' lang='lat' dir='ltr'><strong>ipse</strong></span> <span class='ocrx_word' id='word_1_106' title='bbox 526 1529 676 1602; x_wconf 79' lang='lat' dir='ltr'><strong>affimat,</strong></span> <span class='ocrx_word' id='word_1_107' title='bbox 702 1553 905 1597; x_wconf 88' lang='lat' dir='ltr'><strong>communem</strong></span> <span class='ocrx_word' id='word_1_108' title='bbox 926 1543 1046 1622; x_wconf 83' lang='lat' dir='ltr'><strong>opinio-</strong></span> <span class='ocrx_word' id='word_1_109' title='bbox 1114 1536 1118 1551; x_wconf 91' lang='lat'>&#39;</span> 
     </span>
     <span class='ocr_line' id='line_1_16' title="bbox 86 1629 1045 1715; baseline 0.006 -24"><span class='ocrx_word' id='word_1_110' title='bbox 86 1646 165 1691; x_wconf 86' lang='lat' dir='ltr'><strong>nem</strong></span> <span class='ocrx_word' id='word_1_111' title='bbox 196 1644 341 1699; x_wconf 72' lang='lat' dir='ltr'><strong>secutus,</strong></span> <span class='ocrx_word' id='word_1_112' title='bbox 371 1643 479 1689; x_wconf 88' lang='lat' dir='ltr'><strong>natum</strong></span> <span class='ocrx_word' id='word_1_113' title='bbox 508 1648 581 1687; x_wconf 88' lang='lat' dir='ltr'><strong>eum</strong></span> <span class='ocrx_word' id='word_1_114' title='bbox 606 1647 670 1689; x_wconf 85' lang='lat' dir='ltr'><strong>esse</strong></span> <span class='ocrx_word' id='word_1_115' title='bbox 699 1629 739 1689; x_wconf 85' lang='lat' dir='ltr'><strong>V.</strong></span> <span class='ocrx_word' id='word_1_116' title='bbox 767 1629 803 1690; x_wconf 92' lang='lat' dir='ltr'><strong>C.</strong></span> <span class='ocrx_word' id='word_1_117' title='bbox 832 1632 890 1715; x_wconf 86' lang='lat'><strong>669</strong></span> <span class='ocrx_word' id='word_1_118' title='bbox 916 1640 1045 1702; x_wconf 89' lang='lat' dir='ltr'><strong>tertium</strong></span> 
     </span>
     <span class='ocr_line' id='line_1_17' title="bbox 84 1722 1046 1814; baseline 0.011 -30"><span class='ocrx_word' id='word_1_119' title='bbox 84 1724 217 1789; x_wconf 85' lang='lat' dir='ltr'><strong>consule</strong></span> <span class='ocrx_word' id='word_1_120' title='bbox 235 1726 270 1785; x_wconf 91' lang='lat' dir='ltr'><strong>L.</strong></span> <span class='ocrx_word' id='word_1_121' title='bbox 293 1722 442 1786; x_wconf 89' lang='lat' dir='ltr'><strong>Cornelio</strong></span> <span class='ocrx_word' id='word_1_122' title='bbox 462 1723 573 1784; x_wconf 84' lang='lat' dir='ltr'><strong>Cinna.</strong></span> <span class='ocrx_word' id='word_1_123' title='bbox 585 1739 618 1784; x_wconf 88' lang='lat' dir='ltr'><strong>ct</strong></span> <span class='ocrx_word' id='word_1_124' title='bbox 634 1724 729 1787; x_wconf 80' lang='lat' dir='ltr'><strong>Sexto</strong></span> <span class='ocrx_word' id='word_1_125' title='bbox 749 1727 833 1806; x_wconf 89' lang='lat' dir='ltr'><strong>(siue</strong></span> <span class='ocrx_word' id='word_1_126' title='bbox 845 1729 959 1814; x_wconf 90' lang='lat' dir='ltr'><strong>Lucio)</strong></span> <span class='ocrx_word' id='word_1_127' title='bbox 970 1733 1046 1798; x_wconf 81' lang='lat' dir='ltr'><strong>Cor·</strong></span> 
     </span>
     <span class='ocr_line' id='line_1_18' title="bbox 86 1820 901 1904; baseline 0.006 -20"><span class='ocrx_word' id='word_1_128' title='bbox 86 1820 213 1892; x_wconf 71' lang='lat' dir='ltr'><strong>cilicio,</strong></span> <span class='ocrx_word' id='word_1_129' title='bbox 238 1822 445 1904; x_wconf 83' lang='lat' dir='ltr'><strong>quadriennio</strong></span> <span class='ocrx_word' id='word_1_130' title='bbox 474 1836 545 1881; x_wconf 86' lang='lat' dir='ltr'><strong>anta</strong></span> <span class='ocrx_word' id='word_1_131' title='bbox 566 1841 704 1904; x_wconf 83' lang='lat' dir='ltr'><strong>pugnam</strong></span> <span class='ocrx_word' id='word_1_132' title='bbox 730 1822 901 1888; x_wconf 81' lang='lat' dir='ltr'><strong>Actiacam.</strong></span> 
     </span>
    </p>

    <p class='ocr_par' dir='ltr' id='par_1_3' title="bbox 86 1917 1047 2289">
     <span class='ocr_line' id='line_1_19' title="bbox 150 1917 1045 2010; baseline 0.011 -31"><span class='ocrx_word' id='word_1_133' title='bbox 150 1917 247 1999; x_wconf 89' lang='lat' dir='ltr'><strong>Quod</strong></span> <span class='ocrx_word' id='word_1_134' title='bbox 259 1918 302 1978; x_wconf 81' lang='lat' dir='ltr'><strong>ad</strong></span> <span class='ocrx_word' id='word_1_135' title='bbox 319 1918 426 2000; x_wconf 89' lang='lat' dir='ltr'><strong>Opera</strong></span> <span class='ocrx_word' id='word_1_136' title='bbox 438 1920 504 1978; x_wconf 88' lang='lat' dir='ltr'><strong>eius</strong></span> <span class='ocrx_word' id='word_1_137' title='bbox 514 1920 632 1987; x_wconf 81' lang='lat' dir='ltr'><strong>attinet,</strong></span> <span class='ocrx_word' id='word_1_138' title='bbox 645 1921 749 1980; x_wconf 86' lang='lat' dir='ltr'><strong>variae</strong></span> <span class='ocrx_word' id='word_1_139' title='bbox 759 1937 830 1982; x_wconf 91' lang='lat' dir='ltr'><strong>sunt</strong></span> <span class='ocrx_word' id='word_1_140' title='bbox 840 1924 880 1985; x_wconf 86' lang='lat' dir='ltr'><strong>de</strong></span> <span class='ocrx_word' id='word_1_141' title='bbox 892 1928 1045 2010; x_wconf 77' lang='lat' dir='ltr'><strong>tempora,</strong></span> 
     </span>
     <span class='ocr_line' id='line_1_20' title="bbox 87 2015 1045 2104; baseline 0.01 -27"><span class='ocrx_word' id='word_1_142' title='bbox 87 2035 158 2102; x_wconf 83' lang='lat' dir='ltr'><strong>qno</strong></span> <span class='ocrx_word' id='word_1_143' title='bbox 183 2034 220 2076; x_wconf 88' lang='lat' dir='ltr'><strong>ea</strong></span> <span class='ocrx_word' id='word_1_144' title='bbox 245 2018 436 2097; x_wconf 80' lang='lat' dir='ltr'><strong>composuit,</strong></span> <span class='ocrx_word' id='word_1_145' title='bbox 470 2016 656 2096; x_wconf 72' lang='lat' dir='ltr'><strong>opiniones..</strong></span> <span class='ocrx_word' id='word_1_146' title='bbox 693 2015 833 2078; x_wconf 73' lang='lat' dir='ltr'><strong>Clericus</strong></span> <span class='ocrx_word' id='word_1_147' title='bbox 863 2027 1045 2104; x_wconf 74' lang='lat' dir='ltr'><strong>auspicatam,</strong></span> 
     </span>
     <span class='ocr_line' id='line_1_21' title="bbox 86 2109 1047 2196; baseline 0.011 -26"><span class='ocrx_word' id='word_1_148' title='bbox 86 2117 260 2194; x_wconf 68' lang='lat' dir='ltr'><strong>atrumque</strong></span> <span class='ocrx_word' id='word_1_149' title='bbox 283 2109 449 2170; x_wconf 82' lang='lat' dir='ltr'><strong>Catilinam</strong></span> <span class='ocrx_word' id='word_1_150' title='bbox 476 2127 570 2192; x_wconf 87' lang='lat' dir='ltr'><strong>atque</strong></span> <span class='ocrx_word' id='word_1_151' title='bbox 598 2112 783 2192; x_wconf 85' lang='lat' dir='ltr'><strong>Iugurtham</strong></span> <span class='ocrx_word' id='word_1_152' title='bbox 799 2118 957 2196; x_wconf 84' lang='lat' dir='ltr'><strong>scriptum</strong></span> <span class='ocrx_word' id='word_1_153' title='bbox 983 2143 1047 2186; x_wconf 80' lang='lat' dir='ltr'><strong>esso</strong></span> 
     </span>
     <span class='ocr_line' id='line_1_22' title="bbox 88 2206 1047 2289; baseline 0.011 -19"><span class='ocrx_word' id='word_1_154' title='bbox 88 2207 184 2270; x_wconf 88' lang='lat' dir='ltr'><strong>breui</strong></span> <span class='ocrx_word' id='word_1_155' title='bbox 194 2222 264 2289; x_wconf 85' lang='lat' dir='ltr'><strong>post</strong></span> <span class='ocrx_word' id='word_1_156' title='bbox 279 2222 421 2266; x_wconf 81' lang='lat' dir='ltr'><strong>exactum</strong></span> <span class='ocrx_word' id='word_1_157' title='bbox 431 2206 622 2264; x_wconf 86' lang='lat' dir='ltr'><strong>Tribunatus</strong></span> <span class='ocrx_word' id='word_1_158' title='bbox 639 2222 768 2286; x_wconf 87' lang='lat' dir='ltr'><strong>tempus.</strong></span> <span class='ocrx_word' id='word_1_159' title='bbox 811 2210 981 2279; x_wconf 88' lang='lat' dir='ltr'><strong>Enimuero</strong></span> <span class='ocrx_word' id='word_1_160' title='bbox 991 2220 1047 2281; x_wconf 86' lang='lat' dir='ltr'><strong>ad·</strong></span> 
     </span>
    </p>
   </div>
   <div class='ocr_carea' id='block_1_3' title="bbox 82 2294 1049 2870">
    <p class='ocr_par' dir='ltr' id='par_1_4' title="bbox 82 2294 1049 2870">
     <span class='ocr_line' id='line_1_23' title="bbox 88 2294 1048 2389; baseline 0.01 -28"><span class='ocrx_word' id='word_1_161' title='bbox 88 2305 224 2368; x_wconf 79' lang='lat' dir='ltr'><strong>modum</strong></span> <span class='ocrx_word' id='word_1_162' title='bbox 241 2302 383 2363; x_wconf 83' lang='lat' dir='ltr'><strong>infirmae</strong></span> <span class='ocrx_word' id='word_1_163' title='bbox 394 2303 541 2362; x_wconf 87' lang='lat' dir='ltr'><strong>videntur</strong></span> <span class='ocrx_word' id='word_1_164' title='bbox 551 2304 684 2362; x_wconf 84' lang='lat' dir='ltr'><strong>rationes</strong></span> <span class='ocrx_word' id='word_1_165' title='bbox 694 2294 823 2365; x_wconf 80' lang='lat' dir='ltr'><strong>allataes</strong></span> <span class='ocrx_word' id='word_1_166' title='bbox 845 2309 936 2389; x_wconf 84' lang='lat' dir='ltr'><strong>quod</strong></span> <span class='ocrx_word' id='word_1_167' title='bbox 955 2316 1048 2375; x_wconf 78' lang='lat' dir='ltr'><strong>nimi·</strong></span> 
     </span>
     <span class='ocr_line' id='line_1_24' title="bbox 88 2397 1049 2482; baseline 0.008 -20"><span class='ocrx_word' id='word_1_168' title='bbox 88 2421 167 2462; x_wconf 74' lang='lat' dir='ltr'><strong>rum</strong></span> <span class='ocrx_word' id='word_1_169' title='bbox 188 2401 363 2477; x_wconf 66' lang='lat' dir='ltr'><strong>Sallustius</strong></span> <span class='ocrx_word' id='word_1_170' title='bbox 383 2397 421 2457; x_wconf 80' lang='lat' dir='ltr'><strong>id</strong></span> <span class='ocrx_word' id='word_1_171' title='bbox 441 2401 590 2480; x_wconf 79' lang='lat' dir='ltr'><strong>tattaporis</strong></span> <span class='ocrx_word' id='word_1_172' title='bbox 612 2418 736 2458; x_wconf 66' lang='lat' dir='ltr'><strong>vastius</strong></span> <span class='ocrx_word' id='word_1_173' title='bbox 757 2423 780 2459; x_wconf 84' lang='lat' dir='ltr'><strong>a</strong></span> <span class='ocrx_word' id='word_1_174' title='bbox 803 2408 936 2482; x_wconf 64' lang='lat' dir='ltr'><strong>negatus</strong></span> <span class='ocrx_word' id='word_1_175' title='bbox 957 2412 1049 2470; x_wconf 74' lang='lat' dir='ltr'><strong>vixo-</strong></span> 
     </span>
     <span class='ocr_line' id='line_1_25' title="bbox 88 2486 1048 2580; baseline 0.008 -27"><span class='ocrx_word' id='word_1_176' title='bbox 88 2498 153 2568; x_wconf 74' lang='lat' dir='ltr'><strong>rl&#39;e,</strong></span> <span class='ocrx_word' id='word_1_177' title='bbox 188 2511 288 2580; x_wconf 76' lang='lat' dir='ltr'><strong>atqua</strong></span> <span class='ocrx_word' id='word_1_178' title='bbox 321 2498 421 2555; x_wconf 81' lang='lat' dir='ltr'><strong>etiam</strong></span> <span class='ocrx_word' id='word_1_179' title='bbox 455 2516 520 2553; x_wconf 83' lang='lat' dir='ltr'><strong>non</strong></span> <span class='ocrx_word' id='word_1_180' title='bbox 544 2496 684 2576; x_wconf 78' lang='lat' dir='ltr'><strong>amplius</strong></span> <span class='ocrx_word' id='word_1_181' title='bbox 720 2486 877 2559; x_wconf 69' lang='lat' dir='ltr'><strong>Ciceronis</strong></span> <span class='ocrx_word' id='word_1_182' title='bbox 899 2503 1048 2570; x_wconf 65' lang='lat' dir='ltr'><strong>inanimus</strong></span> 
     </span>
     <span class='ocr_line' id='line_1_26' title="bbox 82 2591 1049 2679; baseline 0.006 -28"><span class='ocrx_word' id='word_1_183' title='bbox 82 2594 206 2679; x_wconf 75' lang='lat' dir='ltr'><strong>suerit.</strong></span> <span class='ocrx_word' id='word_1_184' title='bbox 261 2593 345 2652; x_wconf 88' lang='lat' dir='ltr'><strong>Nam</strong></span> <span class='ocrx_word' id='word_1_185' title='bbox 370 2613 434 2652; x_wconf 91' lang='lat' dir='ltr'><strong>non</strong></span> <span class='ocrx_word' id='word_1_186' title='bbox 460 2594 562 2650; x_wconf 88' lang='lat' dir='ltr'><strong>minus</strong></span> <span class='ocrx_word' id='word_1_187' title='bbox 590 2605 659 2671; x_wconf 85' lang='lat' dir='ltr'><strong>post</strong></span> <span class='ocrx_word' id='word_1_188' title='bbox 686 2591 855 2672; x_wconf 75' lang='lat' dir='ltr'><strong>depositam</strong></span> <span class='ocrx_word' id='word_1_189' title='bbox 877 2597 1049 2664; x_wconf 69' lang='lat' dir='ltr'><strong>Numidiae</strong></span> 
     </span>
     <span class='ocr_line' id='line_1_27' title="bbox 89 2686 1048 2774; baseline 0.01 -26"><span class='ocrx_word' id='word_1_190' title='bbox 89 2688 323 2773; x_wconf 78' lang='lat' dir='ltr'><strong>praefecturam</strong></span> <span class='ocrx_word' id='word_1_191' title='bbox 342 2690 375 2747; x_wconf 90' lang='lat' dir='ltr'><strong>in</strong></span> <span class='ocrx_word' id='word_1_192' title='bbox 393 2707 511 2748; x_wconf 87' lang='lat' dir='ltr'><strong>secessu</strong></span> <span class='ocrx_word' id='word_1_193' title='bbox 531 2686 658 2747; x_wconf 72' lang='lat' dir='ltr'><strong>sinebat</strong></span> <span class='ocrx_word' id='word_1_194' title='bbox 673 2707 928 2774; x_wconf 83' lang='lat' dir='ltr'><strong>cessauerantque</strong></span> <span class='ocrx_word' id='word_1_195' title='bbox 945 2698 980 2756; x_wconf 89' lang='lat' dir='ltr'><strong>in</strong></span> <span class='ocrx_word' id='word_1_196' title='bbox 995 2716 1048 2761; x_wconf 85' lang='lat' dir='ltr'><strong>ex·</strong></span> 
     </span>
     <span class='ocr_line' id='line_1_28' title="bbox 90 2782 1049 2870; baseline 0.009 -23"><span class='ocrx_word' id='word_1_197' title='bbox 90 2800 197 2848; x_wconf 77' lang='lat' dir='ltr'><strong>tremo</strong></span> <span class='ocrx_word' id='word_1_198' title='bbox 214 2786 313 2857; x_wconf 82' lang='lat' dir='ltr'><strong>vitae,</strong></span> <span class='ocrx_word' id='word_1_199' title='bbox 337 2803 402 2870; x_wconf 91' lang='lat' dir='ltr'><strong>quo</strong></span> <span class='ocrx_word' id='word_1_200' title='bbox 424 2784 503 2845; x_wconf 86' lang='lat' dir='ltr'><strong>mibi</strong></span> <span class='ocrx_word' id='word_1_201' title='bbox 522 2783 648 2844; x_wconf 89' lang='lat' dir='ltr'><strong>videtur</strong></span> <span class='ocrx_word' id='word_1_202' title='bbox 669 2785 711 2845; x_wconf 91' lang='lat' dir='ltr'><strong>ad</strong></span> <span class='ocrx_word' id='word_1_203' title='bbox 735 2782 895 2849; x_wconf 86' lang='lat' dir='ltr'><strong>historiam</strong></span> <span class='ocrx_word' id='word_1_204' title='bbox 915 2793 1049 2855; x_wconf 79' lang='lat' dir='ltr'><strong>scriben-</strong></span> 
     </span>
    </p>
   </div>
   <div class='ocr_carea' id='block_1_4' title="bbox 95 2997 1080 3515">
    <p class='ocr_par' dir='ltr' id='par_1_5' title="bbox 165 2997 1080 3167">
     <span class='ocr_line' id='line_1_29' title="bbox 166 2997 1080 3077; baseline 0.001 -21"><span class='ocrx_word' id='word_1_205' title='bbox 166 2999 285 3077; x_wconf 62' lang='grc' dir='ltr'><strong>ψευδο,</strong></span> <span class='ocrx_word' id='word_1_206' title='bbox 309 2997 417 3057; x_wconf 89' lang='lat' dir='ltr'><strong>nullum</strong></span> <span class='ocrx_word' id='word_1_207' title='bbox 439 3002 537 3057; x_wconf 76' lang='lat' dir='ltr'><strong>sitium</strong></span> <span class='ocrx_word' id='word_1_208' title='bbox 562 3002 645 3076; x_wconf 75' lang='lat' dir='ltr'><strong>magis</strong></span> <span class='ocrx_word' id='word_1_209' title='bbox 666 2999 751 3057; x_wconf 86' lang='lat' dir='ltr'><strong>altero</strong></span> <span class='ocrx_word' id='word_1_210' title='bbox 771 3001 806 3057; x_wconf 86' lang='lat' dir='ltr'><strong>ad</strong></span> <span class='ocrx_word' id='word_1_211' title='bbox 824 3005 951 3060; x_wconf 80' lang='lat' dir='ltr'><strong>virtutem</strong></span> <span class='ocrx_word' id='word_1_212' title='bbox 976 3024 1055 3064; x_wconf 77' lang='lat' dir='ltr'><strong>acca·</strong></span> <span class='ocrx_word' id='word_1_213' title='bbox 1077 3051 1080 3057; x_wconf 94' lang='lat'><strong>.</strong></span> 
     </span>
     <span class='ocr_line' id='line_1_30' title="bbox 165 3087 1051 3167; baseline 0.009 -24"><span class='ocrx_word' id='word_1_214' title='bbox 165 3087 231 3143; x_wconf 76' lang='lat' dir='ltr'><strong>tlara</strong></span> <span class='ocrx_word' id='word_1_215' title='bbox 244 3092 338 3165; x_wconf 82' lang='lat' dir='ltr'><strong>possit,</strong></span> <span class='ocrx_word' id='word_1_216' title='bbox 356 3094 456 3153; x_wconf 86' lang='lat' dir='ltr'><strong>omnia,</strong></span> <span class='ocrx_word' id='word_1_217' title='bbox 478 3108 512 3144; x_wconf 82' lang='lat' dir='ltr'><strong>ex</strong></span> <span class='ocrx_word' id='word_1_218' title='bbox 525 3093 672 3143; x_wconf 86' lang='lat' dir='ltr'><strong>stoicorum</strong></span> <span class='ocrx_word' id='word_1_219' title='bbox 688 3087 836 3164; x_wconf 88' lang='lat' dir='ltr'><strong>disciplina,</strong></span> <span class='ocrx_word' id='word_1_220' title='bbox 851 3092 970 3167; x_wconf 82' lang='lat' dir='ltr'><strong>aequalia</strong></span> <span class='ocrx_word' id='word_1_221' title='bbox 982 3098 1051 3162; x_wconf 68' lang='lat' dir='ltr'><strong>sinat</strong></span> 
     </span>
    </p>

    <p class='ocr_par' dir='ltr' id='par_1_6' title="bbox 95 3177 1052 3340">
     <span class='ocr_line' id='line_1_31' title="bbox 95 3177 1052 3256; baseline 0.006 -26"><span class='ocrx_word' id='word_1_222' title='bbox 95 3204 98 3209; x_wconf 95' lang='lat'>·</span> <span class='ocrx_word' id='word_1_223' title='bbox 165 3177 255 3250; x_wconf 77' lang='lat' dir='ltr'><strong>ipsum</strong></span> <span class='ocrx_word' id='word_1_224' title='bbox 279 3193 370 3231; x_wconf 81' lang='lat' dir='ltr'><strong>tamen</strong></span> <span class='ocrx_word' id='word_1_225' title='bbox 398 3177 557 3232; x_wconf 82' lang='lat' dir='ltr'><strong>Ciceronem</strong></span> <span class='ocrx_word' id='word_1_226' title='bbox 582 3177 722 3232; x_wconf 82' lang='lat' dir='ltr'><strong>ambitioni</strong></span> <span class='ocrx_word' id='word_1_227' title='bbox 746 3177 897 3232; x_wconf 85' lang='lat' dir='ltr'><strong>molliorem</strong></span> <span class='ocrx_word' id='word_1_228' title='bbox 915 3183 1052 3256; x_wconf 76' lang='lat' dir='ltr'><strong>&#39;interpra-</strong></span> 
     </span>
     <span class='ocr_line' id='line_1_32' title="bbox 164 3262 1050 3340; baseline 0.005 -23"><span class='ocrx_word' id='word_1_229' title='bbox 164 3266 297 3318; x_wconf 82' lang='lat' dir='ltr'><strong>tttionsm</strong></span> <span class='ocrx_word' id='word_1_230' title='bbox 311 3262 416 3320; x_wconf 81' lang='lat' dir='ltr'><strong>dedisse</strong></span> <span class='ocrx_word' id='word_1_231' title='bbox 437 3264 575 3319; x_wconf 66' lang='lat' dir='ltr'><strong>Paradae.</strong></span> <span class='ocrx_word' id='word_1_232' title='bbox 600 3265 637 3327; x_wconf 90' lang='lat' dir='ltr'><strong>V,</strong></span> <span class='ocrx_word' id='word_1_233' title='bbox 657 3265 685 3317; x_wconf 78' lang='lat'><strong>3:</strong></span> <span class='ocrx_word' id='word_1_234' title='bbox 709 3269 819 3317; x_wconf 87' lang='lat' dir='ltr'><strong>—iam</strong></span> <span class='ocrx_word' id='word_1_235' title='bbox 838 3264 890 3318; x_wconf 85' lang='lat' dir='ltr'><strong>illa</strong></span> <span class='ocrx_word' id='word_1_236' title='bbox 904 3267 1050 3340; x_wconf 78' lang='lat' dir='ltr'><strong>cupiditas,</strong></span> 
     </span>
    </p>

    <p class='ocr_par' dir='ltr' id='par_1_7' title="bbox 113 3350 1052 3515">
     <span class='ocr_line' id='line_1_33' title="bbox 113 3350 1052 3426; baseline 0.005 -23"><span class='ocrx_word' id='word_1_237' title='bbox 113 3404 117 3411; x_wconf 86' lang='grc'>,</span> <span class='ocrx_word' id='word_1_238' title='bbox 164 3369 238 3424; x_wconf 73' lang='lat' dir='ltr'><strong>quae</strong></span> <span class='ocrx_word' id='word_1_239' title='bbox 252 3350 437 3407; x_wconf 77' lang='lat' dir='ltr'><strong>videturesse</strong></span> <span class='ocrx_word' id='word_1_240' title='bbox 458 3353 603 3413; x_wconf 76' lang='lat' dir='ltr'><strong>liberalior,</strong></span> <span class='ocrx_word' id='word_1_241' title='bbox 622 3350 746 3413; x_wconf 64' lang='lat' dir='ltr'><strong>honam,</strong></span> <span class='ocrx_word' id='word_1_242' title='bbox 761 3353 880 3424; x_wconf 69' lang='lat' dir='ltr'><strong>imperii,</strong></span> <span class='ocrx_word' id='word_1_243' title='bbox 895 3360 1052 3426; x_wconf 61' lang='lat' dir='ltr'><strong>prouincia·</strong></span> 
     </span>
     <span class='ocr_line' id='line_1_34' title="bbox 166 3438 967 3515; baseline 0.015 -25"><span class='ocrx_word' id='word_1_244' title='bbox 166 3454 228 3491; x_wconf 80' lang='lat' dir='ltr'><strong>ram</strong></span> <span class='ocrx_word' id='word_1_245' title='bbox 245 3453 297 3492; x_wconf 85' lang='lat' dir='ltr'><strong>etc.</strong></span> <span class='ocrx_word' id='word_1_246' title='bbox 335 3439 407 3495; x_wconf 77' lang='lat' dir='ltr'><strong>Vide</strong></span> <span class='ocrx_word' id='word_1_247' title='bbox 426 3458 495 3515; x_wconf 83' lang='lat' dir='ltr'><strong>quas</strong></span> <span class='ocrx_word' id='word_1_248' title='bbox 513 3439 644 3497; x_wconf 81' lang='lat' dir='ltr'><strong>addamus</strong></span> <span class='ocrx_word' id='word_1_249' title='bbox 663 3441 693 3495; x_wconf 87' lang='lat' dir='ltr'><strong>iu</strong></span> <span class='ocrx_word' id='word_1_250' title='bbox 704 3442 820 3511; x_wconf 77' lang='lat' dir='ltr'><strong>‚interpr-</strong></span> <span class='ocrx_word' id='word_1_251' title='bbox 837 3438 967 3501; x_wconf 71' lang='lat' dir='ltr'><strong>locemus·</strong></span> 
     </span>
    </p>
   </div>
   <div class='ocr_carea' id='block_1_5' title="bbox 129 3554 661 3818">
    <p class='ocr_par' dir='ltr' id='par_1_8' title="bbox 129 3554 661 3818">
     <span class='ocr_line' id='line_1_35' title="bbox 130 3554 524 3626; baseline 0.018 -18"><span class='ocrx_word' id='word_1_252' title='bbox 130 3554 159 3622; x_wconf 65' lang='grc' dir='ltr'><strong>θ)</strong></span> <span class='ocrx_word' id='word_1_253' title='bbox 180 3555 331 3626; x_wconf 85' lang='lat' dir='ltr'><strong>Nimirum,</strong></span> <span class='ocrx_word' id='word_1_254' title='bbox 357 3561 524 3618; x_wconf 62' lang='lat' dir='ltr'><strong>Senatum.</strong></span> 
     </span>
     <span class='ocr_line' id='line_1_36' title="bbox 129 3661 631 3731; baseline 0.008 -13"><span class='ocrx_word' id='word_1_255' title='bbox 129 3663 176 3731; x_wconf 68' lang='lat' dir='ltr'><strong>“t</strong></span> <span class='ocrx_word' id='word_1_256' title='bbox 197 3661 291 3719; x_wconf 78' lang='lat' dir='ltr'><strong>tcabo</strong></span> <span class='ocrx_word' id='word_1_257' title='bbox 315 3663 351 3721; x_wconf 74' lang='lat' dir='ltr'><strong>tls</strong></span> <span class='ocrx_word' id='word_1_258' title='bbox 370 3664 447 3724; x_wconf 72' lang='lat' dir='ltr'><strong>datu</strong></span> <span class='ocrx_word' id='word_1_259' title='bbox 469 3687 486 3724; x_wconf 83' lang='lat' dir='ltr'><strong>a</strong></span> <span class='ocrx_word' id='word_1_260' title='bbox 506 3682 631 3723; x_wconf 66' lang='lat' dir='ltr'><strong>mancam</strong></span> 
     </span>
     <span class='ocr_line' id='line_1_37' title="bbox 576 3757 661 3818; baseline 0 0"><span class='ocrx_word' id='word_1_261' title='bbox 576 3757 618 3818; x_wconf 76' lang='lat' dir='ltr'><strong>tt</strong></span> <span class='ocrx_word' id='word_1_262' title='bbox 639 3774 661 3818; x_wconf 84' lang='lat' dir='ltr'><strong>a</strong></span> 
     </span>
    </p>
   </div>
   <div class='ocr_carea' id='block_1_6' title="bbox 0 0 1147 3998">
    <p class='ocr_par' dir='ltr' id='par_1_9' title="bbox 0 0 1147 3998">
     <span class='ocr_line' id='line_1_38' title="bbox 0 0 1147 3998; baseline 0 0"><span class='ocrx_word' id='word_1_263' title='bbox 0 0 1147 3998; x_wconf 95' lang='lat' dir='ltr'><strong> </strong></span> 
     </span>
    </p>
   </div>
  </div>
 </body>
</html>
