2258 3998
159 74 162 85 ’
232 170 236 175 .
311 102 806 180 rvcvauaruvu.
975 132 1040 202 ,η

347 263 535 349 ’.ΟᾼΡ
577 265 718 332 LVII
803 272 806 277 '

81 292 332 450 ·Metellus,
347 384 563 462 postquam
559 368 661 440 videt.
681 371 811 441 frustra
831 380 1032 467 inceptum,

72 496 193 570 neque
220 473 395 567 oppidum
420 481 529 567 capi,¹
554 497 679 569 neque
702 478 922 568 Iugurtham,
966 489 1036 549 nisi

73 603 119 649 ex
147 581 307 659 insidiis,
338 594 401 647 aut
433 603 498 648 suo
526 578 605 648 loco
637 601 793 674 pugnam·
823 584 961 665 fucare,
997 602 1037 653 et

73 692 147 753 iam
169 701 339 754 aestatem
364 701 520 754 exactam
545 710 636 768 esse,
669 689 712 756 ab
736 691 843 756 Zama
864 689 1038 769 discedite

72 808 112 862 et
132 799 172 861 iu
187 792 241 859 his
261 790 421 874 vrbibus,
455 815 544 883 quae
563 792 607 860 ad
624 816 665 861 se
687 794 905 876 defecerant,
933 801 1037 861 satia».

47 952 50 959 .
72 904 323 992 quamunitas
345 895 437 977 loco,
469 914 530 966 aut
548 890 734 968 moenibus
759 917 876 980 erant,
906 907 1036 993 praeci«

70 1004 173 1073 dium
195 1009 360 1094 imponit.
409 1002 580 1087 Ceterum
604 1008 796 1073 exercitum
820 1013 857 1071 in
875 1008 1035 1097 'prouin-

63 1116 164 1179 'ciam
196 1116 303 1201 (quae
333 1132 503 1202 proxuma
533 1127 586 1177 eat
614 1111 822 1196 Numidiae)
851 1101 1035 1178 hiemandi·

59 1204 184 1308 'gratia
211 1213 370 1313 collocat.
419 1216 544 1308 Neque
568 1214 606 1282 id
631 1232 783 1309 tempus,
813 1232 853 1282 ex
879 1216 1030 1284 aliorum

29 1358 34 1365 ·
65 1344 194 1402 more,
210 1325 333 1413 quieti,
360 1335 423 1388 aut
448 1319 603 1389 luxuriae
628 1323 809 1402 concedit3
838 1323 910 1404 sed,
941 1343 1032 1414 quc-e

30 1442 35 1452 ’·
70 1416 169 1495 uiam
195 1433 302 1494 ermis
329 1424 462 1493 bellum
489 1449 613 1516 parum
633 1428 855 1518 procedebat,
885 1429 1027 1495 insidias

68 1539 145 1625 regi
167 1556 232 1625 per
248 1537 379 1600 audeus
393 1530 555 1611 ¹tendere,
585 1547 767 1607 eteorum
790 1533 936 1623 perfidia
961 1555 1027 1623 pro

67 1644 176 1707 umis
191 1644 242 1707 vti
258 1653 367 1730 parat.
416 1639 529 1729 Igitur
544 1636 788 1719 Bomilcarem,
816 1646 876 1728 qui
893 1641 1028 1706 Romae

68 1768 154 1813 cum
175 1743 346 1837 iugurtha
370 1744 503 1825 fuerat,
539 1760 576 1810 et
606 1743 707 1826 inde,
751 1736 893 1813 vadibus
921 1744 1023 1826 datia,

67 1849 163 1919 clam
189 1850 364 1918 Massiuae
382 1849 427 1917 de
452 1873 538 1919 nece
559 1849 730 1919 iudicium
749 1850 896 1942 fugerat,
929 1848 1024 1942 quod
1047 1858 1050 1875 ¹

67 1962 105 2023 ei
122 1978 196 2047 .par
218 1979 418 2023 maxumam
439 1960 642 2036 amicitiam,
664 1980 826 2024 maxuma
842 1958 943 2047 copia
959 1952 1025 2022 fal·

66 2060 167 2129 leudi
193 2078 285 2143 erat,
315 2060 435 2129 multis
462 2060 776 2154 pollicitationibus
801 2062 1021 2152 adgreditur3

65 2190 111 2239 ac
137 2172 256 2259 primo
282 2165 409 2246 efficit,
440 2173 491 2233 vti
522 2165 566 2232 ad
595 2188 631 2232 se
661 2163 884 2256 colloquendi
912 2172 1023 2256 gratia

66 2272 228 2345 occultus
252 2258 385 2343 veniat.
423 2270 506 2337 dein
535 2268 605 2337 fide
627 2270 724 2350 data,
757 2274 790 2336 s'i
812 2272 1022 2358 Iugurtham

64 2384 194 2447 viuum
216 2397 282 2444 auc
304 2395 463 2444 necamm
487 2378 693 2458 tradidisset,
711 2377 805 2468 fhre,
831 2395 873 2445 vt
897 2379 1022 2443 iliiSe·

66 2504 178 2554 narrar
204 2467 462 2574 mapunicacem,
503 2502 538 2573 ec
564 2507 631 2549 sua
664 2486 783 2547 omnia
815 2483 1032 2562 concederet,-

67 2589 174 2676 facile
196 2587 371 2657 Numidae
393 2587 600 2681 persuadet,
627 2572 711 2654 cum
734 2592 876 2678 ingenio
896 2583 1028 2668 infidos·

47 2696 146 2767 'tum
169 2700 367 2774 metuenti„
382 2716 440 2775 ne,
467 2701 496 2761 si
522 2717 589 2784 pax
611 2716 695 2760 cum
719 2693 882 2759 Romanis
905 2692 1018 2774 lieret,

63 2812 232 2897 ipseper
257 2800 476 2869 conditiones
499 2799 544 2866 ad
568 2797 783 2890 supplicium
808 2798 1015 2868 traderetur.
1063 2876 1065 2880 ,

365 2926 496 3090 0415.
533 2977 698 3046 ΜΠ.

131 3121 177 3200 Is,
201 3120 262 3189 vbi
287 3125 444 3212 primum
463 3134 715 3210 opportunum,
743 3119 946 3210 Iugurtham
962 3140 1018 3186 an·

61 3229 164 3295 xium
182 3215 230 3293 ac'
247 3230 473 3293 miserantem
489 3225 644 3291 fortunas
661 3248 738 3292 suas
762 3223 913 3291 accedit:
947 3244 1027 3290 me·

62 3348 128 3416 net
153 3346 260 3423 atque
282 3329 478 3398 lacrumans
502 3328 714 3409 obtestatur,
742 3334 798 3393 vti
823 3329 1017 3418 aliquando

62 3439 131 3504 sibi
146 3439 327 3528 liberisque
346 3455 380 3502 ec
398 3440 497 3526 genti
511 3436 768 3518 Numidarum,
793 3451 929 3522 optume
947 3456 1017 3500 me·

62 3548 173 3623 renai,
209 3542 410 3632 prouidera-
456 3545 614 3608 omnibus
634 3541 777 3630 praeliis
802 3561 871 3605 sese
894 3543 1014 3639 vr'ctes,

59 3634 193 3741 ugrum,
208 3666 396 3730 vastatum,
423 3650 548 3728 mulces
566 3648 720 3715 marcam
744 3663 859 3735 captus
878 3664 943 3714 auc
961 3640 1027 3709 ‹re-T
