2258 3998
185 50 853 197 l'ERSlONlSJiISPANlCAE.
943 110 1004 201 175

52 285 129 336 esse,
150 282 184 325 vt
205 268 332 353 vestigia
358 282 578 348 premerentur
601 266 796 347 Scriptorum
820 269 887 328 Sec.
913 266 999 327 xv1.

52 362 96 425 de
122 365 282 424 communi
308 385 459 425 consensu
478 379 727 445 praeceptorum.
740 362 883 448 linguae,
913 367 1005 427 adeo·
1108 436 1111 441 Δ

53 479 118 541 que
142 462 258 540 puritas
287 462 351 521 eius
377 477 628 529 conseruaretur,
663 460 816 544 fugiendo
840 465 1006 546 peregrina

48 557 151 640 verba
172 578 190 616 a
215 559 441 631 recentioribus
460 559 654 627 introducta,
679 559 926 640 reuocandoque
946 559 1005 619 alia

11 703 15 709 ,
54 653 176 712 deserta
198 668 230 713 et
251 657 424 736 antiquata;
451 654 652 736 quodetiam
669 654 805 734 optabile
832 658 879 724 sit,
902 677 920 714 a
940 657 1006 738 pln-

54 749 142 808 ribus
163 750 257 818 lieri,
283 753 308 810 si
330 752 459 832 quidem
482 754 543 810 sint
569 753 712 832 propria,
746 766 817 831 apta
836 767 868 811 et
892 754 1007 834 quibus

54 844 186 925 plenum
204 848 357 928 quiddam·
372 850 444 908 insit
465 864 561 929 atque
578 844 719 918 nonanes,
751 848 903 909 Monetur
922 852 1008 913 dein

56 960 136 1023 cepe·
149 947 311 1023 prouisum
332 964 404 1012 esse,
429 959 463 1004 vt
481 946 522 1004 ob
540 947 732 1005 mentionem
754 944 879 1028 linguae
904 948 1008 1027 Lepti,

55 1052 203 1100 tenorum
224 1044 258 1101 in
276 1041 436 1124 Iugurtha,
460 1042 577 1103 amicus
597 1026 725 1123 ¹(sugeto
747 1042 787 1102 de
812 1045 856 1100 mi
874 1043 1009 1106 satisfac-¹

57 1137 149 1216 oion)
179 1154 314 1199 versatus
341 1141 374 1196 in
401 1137 463 1198 hoo
488 1158 601 1221 genere
623 1139 1009 1215 doctrinaegoommenta·

55 1235 141 1293 rium
165 1235 206 1295 de
226 1235 334 1319 lingua
353 1236 545 1297 Phoenicum
563 1251 687 1317 pararet
705 1236 854 1318 huncque
876 1238 1009 1320 dignum

56 1330 232 1391 iudicatum
251 1353 324 1401 esse,
349 1335 454 1415 quiin
471 1333 533 1394 line
549 1335 653 1413 operis
671 1333 900 1416 adiungeretur.
928 1337 1013 1395 Tan-

59 1426 134 1487 dem
155 1428 204 1488 his
227 1429 352 1491 additur
376 1432 410 1488 in
430 1429 580 1488 latinitate
607 1427 740 1487 Sallustii
767 1428 954 1491 declaranda
972 1431 1013 1491 it

57 1522 280 1607 lustrandaque
305 1524 469 1607 diligenter
492 1544 566 1583 eum
593 1544 700 1584 secum
725 1525 808 1605 ipse,
845 1540 911 1586 tum
934 1548 1010 1589 cum

17 1668 21 1677 ,
60 1623 195 1691 coaeuis,
223 1623 370 1690 Caesare,
408 1620 577 1689 Cicerone,
611 1622 745 1702 Nepote,
774 1622 912 1704 denique
936 1610 1012 1687 cum

50 1720 202 1798 proxime
225 1721 368 1779 insecutis
392 1719 501 1785 Liuio,
540 1717 667 1777 Valerio
696 1718 854 1787 Maximo,
888 1721 1012 1784 Velleio

60 1814 241 1886 Paterculo,
271 1816 424 1885 Asconio,
462 1815 562 1876 Plinio
586 1818 721 1887 maiore,
752 1817 873 1887 Taoito,
904 1800 1010 1890 Floro,

60 1912 212 1973 Suetonio
239 1927 454 1994 comparatum
483 1932 556 1984 esse.

122 2009 207 2070 Huic
229 2031 314 2070 nuno
338 2010 469 2091 Ptologo
493 2011 635 2089 proxime
656 2009 802 2070 adiuncta
824 2026 868 2072 est
892 2032 1015 2074 enarra·

62 2107 107 2167 tio
126 2109 208 2170 vitae
230 2110 480 2186 scriptorumque
502 2105 645 2173 Sallustii,
673 2126 778 2189 quam,
809 2128 881 2167 cum
897 2109 1015 2170 Clerici

62 2216 158 2284 etque
186 2202 320 2265 aliorum
347 2201 592 2262 aberrationibus
612 2203 751 2278 opposita
776 2204 827 2269 sit,
850 2225 1016 2266 mox‘con·

62 2318 220 2359 versam-a
239 2300 327 2361 nobis
353 2299 503 2359 dabimus.
547 2297 595 2356 Ita
619 2299 704 2354 enim
727 2300 812 2376 prius
828 2301 1017 2379 perlustrau-¹

64 2378 128 2462 dae'
142 2411 213 2455 sunt
229 2396 367 2476 reliquae
392 2395 483 2458 huius
502 2395 649 2453 versionis
676 2394 812 2455 diuitiae.
868 2399 1017 2478 Sequitur
1080 2388 1089 2395 ⁰

64 2494 215 2553 nimirum
240 2513 276 2554 ea
293 2493 358 2572 ipsa
386 2511 443 2572 per
465 2493 591 2574 paginas
612 2488 684 2558 288,
708 2492 773 2550 sine
799 2496 884 2552 omni
909 2496 1016 2555 distiti-⁶

66 2592 170 2650 ctione
184 2592 329 2669 capitum,
352 2603 386 2652 vt
404 2590 437 2647 in
455 2586 646 2646 Elzeuiriana
667 2587 814 2657 editione,
837 2611 909 2648 curn
930 2607 1017 2653 textu

64 2686 165 2749 latino
184 2687 216 2745 in
234 2684 382 2750 inferiore
401 2687 551 2766 margine,
576 2685 632 2764 qui
651 2698 753 2742 tamen
774 2687 807 2743 in
828 2688 953 2769 singulis
966 2709 1017 2770 pa·
1115 2762 1120 2771 ι

68 2784 147 2866 ginis
171 2768 296 2845 induas
321 2781 481 2841 columnas
506 2781 621 2841 diuisus
642 2796 694 2839 est.
739 2781 840 2840 Finita
864 2784 923 2844 hac
942 2806 1017 2866 ope·
1123 2774 1126 2781 ¹

67 2881 109 2938 ris
132 2893 219 2959 parte
247 2877 432 2938 exhibentur
464 2887 556 2936 notae
588 2877 628 2937 ad
654 2876 818 2937 Catilinam
843 2880 882 2963 98
903 2883 944 2944 ad
967 2884 1018 2949 Iu·

26 2986 32 3007 '¹
68 2973 619 3058 gurtham176,cumpraefamines
718 3004 723 3012 ·

421 3104 456 3175 N
480 3104 511 3171 Θ
534 3106 565 3176 Τ
587 3103 619 3168 A
642 3105 664 3175 S

128 3243 259 3304 PARA
279 3244 340 3304 LA
361 3243 525 3309 MEIOR
546 3243 961 3308 INTELLIGENCIA

203 3397 223 3456 y
248 3375 450 3436 iustification
476 3375 516 3434 de
538 3373 720 3439 laVersion
739 3372 891 3457 Espaiiola

524 3509 565 3549 nn

272 3602 397 3669 CAYO
421 3602 647 3681 SALUSTIO
672 3600 832 3667 CRISPO
