2258 3998
118 127 141 195 6
386 125 800 197 CONIVRATIO

492 285 568 352 CA
581 287 623 351 P.
658 286 689 349 I.

66 418 68 425 ⁴
191 407 296 458 verva
318 389 519 457 Carmina
534 388 645 455 nobili
662 411 787 480 genere
801 403 913 470 natus,
943 409 1069 479 magne

124 411 189 571 L
213 502 247 560 vi
274 511 310 560 et
334 501 442 560 animi
465 511 501 560 et
525 501 692 585 corporis,
729 494 789 560 sed
810 500 952 585 ingenio
975 493 1069 559 malo

121 623 309 693 prauoque.
359 603 453 666 Huic
469 601 511 666 ab
529 600 761 666 adolescentia
781 598 872 666 bella
890 607 1067 676 intestina,

122 706 254 784 caedes,
296 711 449 795 rapinae,
487 706 658 772 discordia
683 703 796 771 ciuilis
823 722 920 794 grata
946 706 1067 782 fuere3

123 814 239 901 ibique
266 816 489 876 iuuentutem
518 835 617 878 suam
637 819 800 877 exercuit.
852 811 988 901 Corpus
1016 833 1072 899 pa·

123 925 213 983 tiens
236 914 383 993 inediae,
408 915 558 1006 vigiliae,
577 915 715 1006 algoris,
741 940 845 1006 supra
870 940 975 1005 quam
998 921 1072 980 cui-

125 1047 192 1112 que
214 1019 380 1088 credibile
399 1036 459 1086 est.
510 1022 657 1088 Animus
679 1020 799 1100 audax,
820 1019 997 1098 subdolus,
1022 1043 1073 1087 va·

124 1135 208 1203 rius,
238 1133 336 1193 cuius
364 1133 415 1222 rei
443 1125 540 1193 libet·
554 1126 737 1194 simulator
759 1151 799 1193 ac
824 1125 1070 1203 dissimulator,

125 1231 230 1297 alieni
245 1247 424 1323 appetens,
452 1239 506 1296 sui
532 1233 711 1323 profirsus,
740 1231 863 1297 ardens
882 1239 919 1297 in
938 1229 1075 1321 cupidi·

127 1337 273 1403 tatibus:
323 1343 403 1409 satis
441 1336 663 1428 loquentiae,
706 1344 896 1426 sapientiae
915 1323 1086 1426 'parum'

127 1443 254 1509 Vastus
279 1450 414 1509 animus
440 1443 681 1523 immoderata,
710 1440 940 1519 incredibilia,
970 1446 1075 1505 nimis

127 1546 196 1612 alta
210 1572 348 1638 semper
362 1548 533 1638 cupiebat.
583 1550 689 1615 Hunc
705 1565 784 1638 post
798 1548 1077 1614 dominationem

128 1653 229 1718 Lucii
244 1652 359 1717 Sullae
374 1652 493 1718 lubido
506 1676 666 1718 maxuma
679 1661 853 1718 inuaserat
864 1649 1078 1741 reipublicae

130 1758 336 1845 capiundae:
360 1780 484 1846 neque,
498 1758 534 1822 id
550 1745 674 1847 quibus
690 1757 802 1827 modis
815 1754 1076 1845 adsequeretur,

130 1861 215 1926 dum
239 1862 303 1926 sibi
333 1887 480 1953 regnum
502 1879 659 1954 pararet,
688 1863 877 1953 quidquam
899 1868 998 1950 pensi
1025 1862 1080 1926 ha·

130 1963 243 2032 bebat.
294 1964 501 2058 Agitabatur
525 1975 633 2057 magis
654 1974 832 2058 magisque
854 1966 982 2032 indies
1007 1973 1080 2032 ani-

132 2096 209 2137 mus
230 2072 326 2137 ferox
354 2080 473 2165 iuopia
501 2081 553 2142 rei
579 2072 779 2152 familiaris,
805 2090 840 2138 et
867 2078 1081 2138 conscientia

133 2176 318 2242 scelerum:
346 2203 433 2268 quae
447 2197 590 2271 utraque
605 2181 658 2244 his
673 2172 803 2245 artibus
821 2195 973 2256 auxerat,
997 2201 1083 2267 quas

89 2374 98 2388 .
133 2306 236 2371 supra
254 2292 457 2350 memoraui.
508 2286 703 2352 Incitabant
726 2301 905 2375 praeterea
924 2291 1082 2373 corrupti

134 2394 286 2453 ciuitatis
307 2413 439 2470 mores,
471 2415 556 2481 quos
575 2414 734 2507 pessuma
762 2413 802 2456 ac
826 2389 963 2455 diuersa
989 2396 1084 2453 inter

134 2515 170 2557 se
192 2492 299 2572 mala,
331 2493 467 2561 luxuria
492 2505 616 2586 atque
617 2479 767 2560 auaritia
791 2496 966 2562 vexabant.
1016 2497 1084 2561 Res

136 2603 209 2686 ipsa
235 2599 366 2664 hortari
395 2601 545 2680 videtur,
574 2608 740 2691 quoniam
767 2600 809 2665 de
829 2599 984 2665 moribus
1004 2607 1086 2666 ciui·

137 2710 220 2768 tatis
242 2717 380 2794 tempus
403 2705 597 2787 admonuit,
624 2730 728 2797 supra
750 2722 920 2795 repetere,
949 2729 989 2770 ac
1006 2729 1086 2796 pau-

138 2814 185 2872 cis
218 2815 378 2909 instituta
407 2819 580 2878 maiorum
606 2813 702 2878 domi
732 2810 966 2900 militiaeque,
1006 2835 1087 2901 quo·

138 2912 245 2978 modo
275 2917 527 3007 rempublicam
551 2917 745 2996 habuerint,
776 2932 1008 3007 quantamque
1025 2919 1087 2982 're-

139 3017 322 3108 liquerint:
350 3039 386 3088 et
397 3040 434 3090 vt
447 3022 630 3114 paullatim
644 3029 841 3102 immutata,
871 3044 910 3086 ex
924 3021 1087 3111 pulcher-

139 3147 240 3190 ruma
267 3149 428 3218 pessuma
452 3153 492 3195 ac
519 3129 796 3222 flagitiosissuma
817 3127 910 3193 facta
936 3134 994 3209 sit,
1021 3127 1088 3200 dis,-

140 3253 263 3297 serere.

493 3341 569 3408 cA
583 3345 624 3408 P.
669 3343 734 3408 II.

206 3443 341 3513 Vrbem
358 3444 519 3525 Romam,
538 3454 650 3535 sicuti
665 3471 729 3537 ego
746 3453 877 3537 accepi,
905 3447 1092 3514 condidere

142 3564 245 3638 atque
266 3551 418 3617 habuere
437 3557 540 3618 initio
558 3554 715 3632 Troiani,
743 3560 815 3643 qui,
845 3554 965 3627 Aenea
989 3553 1090 3633 duce,

137 3655 294 3746 profugi,
326 3657 464 3770 sedibqs
496 3663 638 3727 incertis
667 3658 895 3753 vagabantur:
942 3680 1094 3751 cumque
