2258 3998
287 108 789 183 IV-GVRTHINVM·
941 115 1024 185 -113

59 273 162 340 tham
187 264 425 337 laborantibus
455 272 526 333 suis
552 266 680 333 auxilio
709 285 917 352 venturum,
941 269 1018 338 ¹ibi·

50 401 132 470 que
153 374 326 468 praelium
348 372 433 439 fore
505 372 556 439 At
575 370 652 453 ille,
680 398 767 465 quae
789 377 1017 468 parabantur,

59 507 84 551 a
105 481 259 574 perfugis
279 479 435 563 edoctus,
461 484 596 568 magnis
625 481 809 557 itineribus
832 480 1021 552 Metellum
1064 462 1070 497 ¹

58 594 267 665 anteuenit3
306 582 497 675 oppidanos
522 582 701 665 hortatur,
738 590 876 653 moenia
901 586 1021 655 defen·

54 693 161 772 -dant,
192 689 319 773 additia
349 688 477 755 auxilio
508 689 686 780 perhrgis3
717 691 810 781 quod
839 716 949 783 genus
980 717 1022 761 ex

65 805 176 889 copiis
206 803 316 886 regis,
355 801 437 885 quia
461 791 582 860 fallere
613 795 825 885 nequibant,
861 794 1022 866 firmissu·

58 923 175 972 'mum
223 902 406 968 Praeterea
430 897 631 990 pollicetur,
659 908 696 966 in
724 917 883 993 tempore
911 920 1024 973 semet

64 1032 150 1077 oum
174 1012 328 1074 exercitu
354 1003 481 1072 adfore.
533 1007 584 1071 Ita
610 1015 812 1096 compositis
839 1010 954 1091 rebus,
985 1018 1024 1077 in

65 1113 146 1183 loca
174 1135 278 1202 quam
309 1133 469 1177 maxume
504 1108 641 1177 occulta
674 1111 837 1193 discedit,
874 1138 914 1183 ac
943 1132 1025 1206 post
1102 1202 1105 1209 Ι

64 1216 189 1313 paullo
211 1208 400 1308 cognoscit,
434 1216 590 1281 Marium
614 1238 655 1281 ex
679 1221 806 1284 itinere
830 1219 1026 1291 frumenta·

66 1341 148 1393 tum
181 1346 263 1390 cum
293 1328 413 1413 paucis
451 1319 650 1387 cohortibus
687 1322 832 1389 Siccam.
857 1330 1021 1393 missum:

68 1429 167 1523 quod
195 1426 367 1518 oppidum
401 1433 557 1516 primum
593 1431 753 1492 omnium
787 1445 867 1518 post
896 1431 1027 1501 malam

67 1557 226 1630 pugnam
254 1531 296 1598 ab
325 1553 407 1620 rege
436 1529 619 1596 defecerat
692 1531 743 1597 Eo
774 1555 856 1599 cum
889 1535 1028 1604 dilectis

69 1638 248 1732 equitibus
281 1651 389 1703 noctu
420 1641 554 1726 pergit,
593 1651 630 1702 et
665 1632 736 1702 iani
768 1630 1028 1728 egredientibus

69 1748 237 1815 Romanis
265 1748 303 1807 in
324 1757 425 1832 porta
448 1763 602 1831 pugnam
630 1741 737 1823 facit3
772 1744 877 1810 simul
902 1770 1029 1838 magna

69 1874 159 1922 voce
186 1850 363 1917 Siccenses
394 1847 572 1926 hortatur,
604 1853 659 1913 ori
685 1850 831 1916 cohortis
861 1855 905 1917 ob
935 1873 1028 1942 tergo

66 1959 364 2026 *circumamictos
382 1952 569 2042 fhrtunam
585 1955 760 2042 praeclari
772 1957 949 2045 facinoris
971 1984 1029 2025 ca-

65 2087 152 2131 ..mm
177 2061 279 2138 dom
309 2063 344 2124 si¹
367 2060 406 2123 id
419 2058 582 2147 shcerint,
607 2077 726 2147 posteo
749 2083 818 2126 sese
845 2067 882 2126 in
910 2089 1026 2152 regno,

69 2171 157 2235 illos
181 2169 220 2230 in
241 2168 392 2230 libertate
415 2167 491 2228 sine
512 2180 603 2226 metu
626 2181 772 2228 aetatem
796 2185 939 2233 acturos.
974 2171 1031 2238 A·

74 2280 116 2341 ni
142 2270 275 2337 itarius
302 2275 400 2358 signa
432 2266 561 2333 inferre
594 2282 699 2356 atque
724 2269 873 2336 euadere
899 2273 1031 2364 oppido

73 2382 347 2473 properauisset,
375 2370 534 2463 profecto
560 2379 690 2455 cuncti,
714 2389 776 2439 aut
803 2398 927 2466 magna
950 2402 1032 2469 pars

73 2487 294 2553 Siccensium
314 2477 422 2546 fidem
436 2482 683 2546 -mutauissent
716 2494 815 2585 tanta
835 2482 1033 2552 mobilitate

76 2611 154 2658 sesa
184 2585 358 2653 Numidae
388 2599 520 2673 agunt,
578 2581 646 2655 Sed
676 2581 805 2650 milites
832 2587 1033 2676 Iugurthini

74 2690 271 2793 paullisper
292 2690 335 2757 ab
361 2710 443 2778 rege
467 2692 662 2768 sustentati,
689 2705 874 2779 postquam
899 2702 1033 2762 maiore

75 2806 117 2869 xi
145 2799 261 2864 host'es
290 2808 451 2884 Vrguent,
481 2800 600 2885 paucis
628 2798 774 2877 amissis,
806 2798 946 2891 profugi
971 2801 1033 2869 dis·

76 2903 221 2975 eedunt·
269 2948 272 2955 -
308 2958 312 2965 .
790 2949 792 2956 -

167 3089 171 3095 ι
410 3003 486 3072 ΟΛ
498 3006 541 3072 Ρ.
586 3005 651 3072 LI
656 3008 681 3071 I
688 3007 719 3072 I.

70 3141 73 3144 ·
148 3112 287 3180 Mariua
308 3108 354 3177 ad
377 3111 521 3177 Zamam
545 3118 718 3201 peruenit.
751 3111 787 3178 id
809 3115 977 3204 oppidum
998 3124 1037 3183 in

75 3241 208 3310 campo
235 3224 359 3295 situm,
389 3223 498 3306 magis
529 3237 651 3306 opere,
682 3238 786 3308 quam
812 3235 936 3285 natura
963 3245 1036 3287 mu·

29 3342 31 3347 '
81 3333 202 3411 tritum
231 3338 322 3391 erat:
368 3318 498 3386 nullius
523 3320 668 3389 idoneae
693 3329 744 3387 rei
772 3344 893 3410 egens,
930 3332 1037 3393 armis

74 3439 237 3522 ,virisque
261 3426 478 3518 opulentum.
527 3428 640 3520 Igitur
660 3424 838 3505 Metellus,
865 3451 930 3517 pro
947 3448 1036 3498 tem·

81 3558 171 3630 pora
194 3549 305 3623 atqua·
326 3531 405 3599 loco
432 3540 560 3622 paratis
588 3533 709 3611 rebus,
745 3547 871 3598 cuncta
898 3545 1037 3617 moenia

83 3644 242 3719 ambitu
258 3643 502 3705 circumuenit.
533 3635 655 3729 legatis
673 3645 836 3727 imperat,
868 3620 928 3710 vbi
945 3650 1045 3732 quis-

613 3743 652 3815 H
