2258 3998
172 107 542 177 LA‘r1N1TA‘rts
571 104 872 183 atttvsuu.
940 74 1014 211 ,ῃῇ
1095 66 1105 116 ³

59 266 149 327 dibus
164 266 328 346 scriptoris
339 267 415 346 poni
429 267 534 349 possit,
555 288 619 328 non
636 279 774 349 appetet
796 270 890 343 Vnde¹
906 277 1009 336 omni.

57 384 101 423 ao
123 364 219 444 magis
236 362 411 423 audiendus
434 364 472 422 sit
491 364 827 445 Quintilz‘cmus‚'dum
845 368 900 429 IV.
922 392 949 431 2.
976 387 1009 433 at
1048 430 1054 449 ,

54 461 97 519 X.
118 480 142 517 1.
162 459 319 535 vitandam
331 459 462 539 'quidem
485 479 547 519 esse
564 477 667 521 censet
685 462 948 525 osctori'Sallustii
960 467 1009 527 di·
1050 534 1054 545 Ι

57 556 152 629 cendi
174 574 271 638 genus
294 556 478 635 abruptum,
516 559 627 617 etsi-'iu
655 542 723 638 ipso
752 560 871 619 virtutis
899 559 1009 634 locum

58 651 205 721 obtineat,
232 653 365 711 otiosum
392 651 543 715 lectorem
564 655 665 713 minus
691 652 795 725 fallat,
823 670 917 738 atque
942 661 1008 737 eiua¹

59 745 209 810 breuitate
222 749 307 829 apud
322 769 411 810 aures
424 769 535 813 vacuas
551 749 630 809 nihil
639 754 739 830 possit*
749 771 812 811 esse
826 754 1004 832 perfectius.
1041 754 1044 759 ’

138 844 244 926 Atque
259 845 302 904 sic
317 866 423 924 por10,
444 847 562 904 etiamsi
573 848 615 905 ita
626 867 737 926 parcus
751 834 920 911 veiborum
937 849 1010 911 fue·¹

57 942 247 1020 pitScriptor
267 944 418 1024 egregius,
440 942 549 1004 sedulo
569 959 674 1003 tamen
689 948 782 1014 cauit,
806 966 847 1005 ne
869 962 924 1006 aut
942 967 1011 1027 pet»

59 1038 252 1117 spicuitatem
265 1036 408 1099 laederet,
418 1054 472 1098 aut
492 1039 611 1099 deesset
626 1039 753 1121 aliquid,
780 1042 869 1122 quod
887 1044 953 1102 siue
969 1042 1011 1104 ad
1029 1086 1033 1093 ⁴
1051 1074 1059 1101 t

59 1154 183 1194 sensum
207 1135 273 1193 siue
297 1135 338 1194 ad
353 1136 537 1198 narrationis
559 1137 623 1195 vim
647 1151 855 1218 ornatumque
876 1130 1014 1218 partisid-

58 1245 116 1295 πει.
160 1229 270 1311 Itaque
288 1233 346 1311 ipsi
360 1232 505 1291 nonsatis
523 1229 583 1290 fuit
600 1232 710 1292 dixisse
727 1254 758 1313 p.
777 1241 806 1310 4.
827 1266 855 1280 -
875 1236 911 1291 in
927 1253 1014 1315 pace.

59 1330 113 1386 vti
131 1328 166 1384 in
188 1326 268 1384 bello
293 1327 418 1394 valeret
432 1360 460 1389 -.·
476 1326 527 1403 ‚64
553 1331 656 1405 tnagis
677 1330 859 1410 magisque,
886 1331 1009 1399 omisso,

60 1425 97 1481 in
117 1421 195 1491 dies,
219 1437 273 1480 aut
284 1423 553 1503 quemadmodum
573 1423 686 1483 Cicero
702 1445 761 1503 pro
774 1424 907 1493 Milone,
935 1445 962 1483 c.
978 1446 1008 1504 9.

60 1522 164 1596 satagis
187 1520 223 1575 in
247 1516 337 1584 dies.⁸
350 1551 375 1564 -·
397 1517 469 1576 alibi
485 1540 524 1598 7:
551 1521 629 1579 satis
639 1538 791 1598 prospera
806 1521 1013 1607 pollensque:

62 1615 116 1674 sed
136 1615 323 1675 enunciabat
346 1616 528 1677 sententiam
545 1616 587 1672 vti
610 1634 696 1672 nunc
719 1636 789 1673 eam
810 1614 951 1697 legimus,
978 1618 1013 1677 in

61 1712 168 1791 priore
189 1709 270 1778 loco,
292 1713 351 1781 ica,
373 1712 426 1780 vti,
447 1710 489 1769 ad
507 1711 571 1769 vim
594 1711 738 1791 orationis
761 1711 960 1792 aagendam:¹
979 1714 1014 1773 iu
1038 1742 1045 1755 ·
1078 1726 1083 1739 ·

63 1823 210 1888 sequente
225 1809 328 1885 magis
348 1808 525 1887 magisque,
553 1820 585 1864 vt
601 1797 856 1887 significatiooem
871 1808 1013 1868 intende-
1053 1856 1057 1891 ¹.

63 1920 121 1971 ret,
146 1919 184 1972 et,
211 1905 246 1960 in
270 1902 355 1974 dies,
379 1918 411 1963 vt
424 1901 503 1982 plus,
533 1922 598 1962 non
624 1921 748 1963 merum
770 1905 1011 1976 incrementum,

64 2021 174 2061 verum
186 1999 268 2060 illud
285 2000 502 2080 quotidianum
511 1984 607 2057 xetiam
622 1997 863 2080 intelligeretui·;
888 2001 1014 2061 tandem
1104 1982 1122 2049 ,⁴

64 2099 99 2156 iu
122 2099 212 2155 tertio
232 2095 303 2154 loco
323 2097 400 2151 satis
419 2086 634 2173 prjsatisque
655 2114 708 2172 po.
722 2096 887 2174 'quoniam
915 2095 1016 2159 altero

64 2194 142 2251 satis
166 2191 277 2250 omisso
300 2187 433 2246 dubium
455 2185 627 2266 reliquisset
648 2186 772 2258 lectori,
800 2210 840 2248 au
865 2190 900 2249 id
918 2192 1016 2253 semol

63 2289 200 2370 positum
218 2284 259 2342 ed
273 2298 439 2362 utrumque
459 2282 591 2343 verbum
609 2283 796 2345 trahendum
814 2287 861 2345 sit.
904 2286 1018 2365 Quod,
1065 2280 1069 2287 ’

66 2385 92 2442 si
112 2385 145 2441 in
162 2402 199 2442 eo
219 2400 347 2463 quoque
364 2393 523 2459 comparet
541 2378 652 2461 aliquis
665 2379 840 2441 Sallustium
858 2402 932 2441 oum
948 2381 1018 2441 aliis

20 2482 27 2503 ⁸
65 2477 285 2559 scriptoribus.
309 2478 344 2537 is·
359 2475 505 2556 profecto
534 2496 609 2535 cum
631 2476 781 2557 applausu
806 2479 916 2536 sentiat
941 2493 1017 2539 eum

67 2562 203 2636 eliorum
219 2574 405 2634 breuitatem
430 2573 508 2633 adeo
530 2575 696 2652 spreuisse,
725 2572 777 2632 vbi
804 2573 1019 2654 descxiptionis

68 2673 113 2730 vis
126 2685 219 2751 atque
237 2684 379 2729 venustas
394 2668 600 2749 praelerenda
620 2670 694 2729 e'rat.
736 2669 813 2728 Vtar
826 2667 917 2728 huius
935 2691 1018 2735 coms

69 2769 235 2848 putationis
257 2786 362 2826 caussa
380 2786 441 2826 vno
464 2765 518 2829 illo
528 2810 532 2847 p
540 2764 611 2825 loco
633 2768 672 2827 V
668 2764 761 2835 allatii,
785 2785 882 2847 quem
897 2767 960 2825 iam
976 2765 1019 2826 ad

70 2885 102 2944 p.
121 2885 164 2923 12.
190 2863 249 2922 alia
268 2863 308 2922 de
328 2882 432 2924 caussa
447 2860 543 2922 attuli.
587 2860 638 2920 lbi
660 2864 764 2943 itaque
785 2861 838 2921 ille
861 2862 961 2922 multo
984 2863 1019 2921 in

72 2960 137 3019 aliis
159 2959 319 3019 verbosior
346 2960 451 3039 paucis
476 2958 571 3018 dicits·
601 2960 662 3043 qui
682 2958 820 3039 domique
844 2978 966 3039 semper
988 2970 1020 3013 et

72 3076 181 3114 somno
202 3070 235 3114 et
251 3057 318 3119 cibo
331 3057 367 3117 ia
384 3058 498 3123 vitam,
520 3076 584 3114 non
598 3058 634 3112 in
649 3056 847 3136 voluptatem
859 3067 1021 3131 oterecuc:

72 3174 131 3233 pro
155 3174 219 3233 quo
243 3151 303 3212 alio
320 3167 459 3232 tempore
474 3150 608 3232 locoque
625 3149 779 3210 Sallustius
801 3151 897 3231 magis
917 3141 1020 3206 adhuc

73 3252 222 3330 coegisset
234 3251 454 3316 narrationem,
479 3249 651 3309 omittendo
666 3263 832 3327 utrumque
845 3259 875 3303 et
893 3276 921 3289 ··
939 3263 1021 3303 som·

73 3367 127 3416 no,
152 3346 235 3406 cibo.
299 3346 359 3405 Sed
382 3347 416 3403 in
437 3344 500 3407 hoc
521 3345 593 3407 loco
614 3343 738 3405 volebat
760 3344 898 3422 primum
924 3353 1021 3398 totam

73 3443 244 3524 imaginem
265 3440 346 3503 illius
366 3440 508 3503 luxuriae
530 3442 703 3503 describere
723 3455 817 3518 atque
839 3451 907 3494 tum
928 3436 1022 3495 etiam

76 3557 146 3597 eam
167 3539 373 3618 quasi-oculis
395 3542 555 3603 subiicere.
617 3539 728 3617 ltaque
748 3533 914 3614 periodum
936 3529 1027 3625 &05⁸4

76 3632 216 3699 dormire
236 3636 338 3716 prius,
360 3659 460 3718 quam
485 3650 541 3696 etc.
570 3652 677 3713 Vsque,
704 3645 909 3713 antecapere·
