2258 3998
47 132 112 180 ιω
370 112 671 240 BELLYM

46 274 101 335 nis
120 253 346 359 superabant,
372 268 490 341 tamen
512 281 626 341 inerat
643 254 842 340 cdntemtot
862 261 1000 340 animus

48 390 85 440 et
98 374 271 463 superbia,
296 399 482 445 commune
498 378 692 447 nobilitatis
707 377 848 473 mplum.
877 380 1007 467 Itaque

47 485 204 570 primum
227 500 422 550 commotus
443 484 584 552 insolita
607 508 657 565 re,
683 490 804 553 mitari
828 491 902 550 eius
923 503 1003 549 con-

48 583 179 665 aihum,
208 602 244 652 et
260 595 357 677 quasi
381 612 445 680 per
465 597 657 659 amicitiam
680 586 834 673 monere,
861 613 905 655 ne
931 606 1005 652 tom

8 707 10 719 '
45 712 163 781 praua
193 695 372 783 inciperet,
405 720 473 763 neu
505 721 607 786 super
626 697 814 788 sermnem
844 697 1006 770 animum

47 815 197 882 gereret:
222 821 294 862 nort
312 805 433 897 omnia
454 803 620 870 omnibus,
633 802 811 892 cupiunda
833 823 921 876 οπεος
947 797 1005 864 de·

53 903 128 966 bere
157 904 215 967 illi
240 926 292 968 res
316 927 398 972 suaa
420 913 504 974 satis
522 909 681 996 placere3
708 923 876 996 postremo
905 900 1010 993 'cauess

54 1025 107 1071 ret
131 1008 170 1071 id
194 1026 306 1095 petere
330 1033 354 1072 a
373 1015 502 1100 populo
527 1013 701 1092 Romano,
731 1011 827 1101 quod
849 1010 905 1074 itti
934 1011 1009 1073 iure

55 1131 245 1198 negaretur.
317 1114 504 1206 Postquam
542 1116 627 1184 haec
655 1131 761 1206 atque
792 1111 876 1181 talia
907 1112 1006 1190 dixit,

54 1239 171 1305 neque
200 1223 335 1313 animus
363 1221 471 1288 Marii
501 1220 679 1289 flectitur:
722 1218 919 1311 respondit,
949 1218 1012 1280 abi

53 1325 208 1411 primam
225 1330 391 1412 potuisset
409 1351 474 1416 per
497 1331 636 1416 negotia
652 1328 804 1416 publica,
825 1325 1011 1416 fttcturum

57 1451 141 1507 sese,
174 1451 264 1518 quae
289 1449 423 1519 peteret.
496 1433 550 1500 Ac
579 1447 700 1523 postea
729 1435 864 1522 saepius
890 1425 1012 1495 eadem

57 1531 268 1623 postulanti,
305 1534 418 1603 fertur
445 1536 587 1619 dixisse,
621 1561 665 1604 ne
677 1537 869 1630 festinaret
894 1534 1012 1598 abira.-

59 1642 143 1704 tatis
163 1660 296 1708 mature
320 1644 423 1709 illam
445 1668 523 1709 cum
538 1644 622 1732 filio
642 1667 704 1708 suo
722 1642 940 1708 consulatum
953 1661 1016 1728 pe-

60 1749 213 1811 tituram.
264 1747 294 1812 Is
316 1770 359 1813 eo
378 1765 537 1840 tempore
561 1746 793 1816 contubernio
818 1749 924 1836 patris
949 1741 1016 1809 ibi-

61 1848 144 1944 dem
172 1848 360 1936 militabat,
398 1878 506 1922 annos
533 1870 634 1920 natus
666 1857 809 1920 circiter
839 1872 895 1915 xx.
926 1870 1018 1939 quae

60 1975 116 2020 res
136 1956 291 2026 Marium
309 1983 389 2025 cum
413 1984 478 2050 pro
503 1961 649 2039 honore,
676 1980 783 2049 quem
808 1951 1014 2035 adfectabat,

62 2075 141 2126 tum
174 2080 295 2131 contra
328 2063 518 2133 Metellum
546 2066 772 2133 vehementer
798 2058 1013 2126 accenderat.

63 2166 118 2230 Ita
143 2168 306 2258 cupidine
331 2187 436 2263 atque
462 2177 525 2254 ira,
552 2176 720 2263 pessumis
746 2163 1016 2246 consultoribus,

64 2281 230 2360 grassari3
269 2299 382 2368 neque
406 2277 501 2354 facto
527 2275 616 2359 vllo,
650 2298 765 2366 neque
790 2273 885 2340 dicto
913 2269 1020 2338 absti-

65 2400 168 2459 nere,
211 2381 304 2471 quod
329 2382 436 2451 modo
469 2380 694 2450 ambitiosum
721 2380 813 2447 foret
825 2404 835 2458 ;
874 2373 1017 2458 milites,

65 2485 191 2574 quibus
222 2492 260 2554 in
295 2487 448 2554 hibernis
485 2502 660 2578 praeerat,
704 2484 834 2552 laxiore
857 2488 1019 2572 imperio,

66 2609 174 2676 quam
203 2609 323 2674 antea,
355 2593 502 2672 habere3
534 2592 626 2684 apud
654 2597 905 2682 negotiatores,
936 2609 1023 2677 quo·

66 2714 149 2758 rum
177 2719 303 2788 magna
334 2696 527 2765 multitudo
557 2700 682 2767 Vticae
709 2710 799 2776 erat,
836 2699 1024 2761 criminose

68 2798 191 2880 simul,
234 2819 271 2868 et
302 2803 484 2894 magnifice
514 2803 559 2869 de
588 2800 681 2870 bello
712 2799 831 2893 loqui:
877 2799 1027 2864 dimidia

67 2929 152 2993 pars
178 2913 345 2974 exercitus
371 2912 439 2975 sibi
460 2914 734 2999 permitteretur,
759 2909 883 2997 paucis
909 2905 1027 2970 diebus

70 3014 280 3100 Iugurtham
301 3019 340 3079 in
362 3020 492 3081 eatenis
513 3016 732 3090 habiturum,
764 3014 809 3077 ab
826 3015 1028 3101 imperatore

71 3121 225 3183 consulto
257 3121 362 3200 trabi,
392 3121 488 3210 quod
512 3121 614 3186 homo
643 3121 762 3184 inanis
778 3135 813 3183 et
833 3120 946 3204 regiae
969 3139 1028 3181 su·

68 3227 208 3312 perbiae
241 3228 382 3315 imperio
413 3231 520 3292 nimis
545 3226 719 3314 gauderet.
783 3224 882 3311 Quae
911 3227 1032 3289 omnia

71 3329 141 3394 illis
167 3353 209 3396 eo
240 3328 392 3398 firmiora
419 3330 642 3413 videbantur,
675 3327 771 3421 quod
797 3326 1030 3403 diuturnitate

71 3433 156 3500 belli
183 3459 236 3502 res
261 3436 442 3505 familiaris
471 3446 701 3528 corruperant
708 3461 720 3518 ς
759 3440 808 3504 et·
821 3437 940 3502 animo
968 3453 1032 3499 cu·

73 3545 187 3627 pienti
214 3540 305 3608 nihil
328 3549 411 3612 satis
435 3542 632 3613 festinatur.
