2258 3998
255 64 801 181 'rvovn'rnrrvtt
984 104 1034 173 aa

75 267 159 337 but:
191 260 230 331 in
254 268 332 355 quia
352 262 595 341 Macrum,
621 259 666 327 de
686 282 757 352 quo
777 282 883 354 snpra
905 282 1053 329 monto--

74 379 254 450 rauimur,
278 366 504 447 romularis,
535 382 573 434 et
598 381 675 433 tum
705 366 826 434 Senati
853 374 1028 458 princeps.

74 480 141 557 Hi,
165 473 261 567 quod
285 479 323 541 in
345 471 480 555 inuidia
504 493 565 551 res,
584 486 671 550 erat,
703 470 810 537 aimul
834 488 871 538 et
888 472 939 540 ab
963 473 1035 538 Nu·

75 582 184 653 midia
201 579 392 657 obsecrati,
424 574 543 643 triduo
564 583 686 643 nauim
715 577 920 657 escender03
953 576 1036 645 dein

78 689 181 759 breui
218 688 362 757 Vticam
385 680 535 773 'adpulsi
575 680 707 748 litteras
745 680 790 748 ad
830 683 1037 774 Iugurtham

77 801 256 871 mittunt,
299 810 410 869 oran
446 808 645 855 ocream
682 809 734 852 ar>
768 808 1038 855 rnovrracran

79 919 289 974 arcanam
326 915 448 973 saort
478 914 531 957 ao
562 915 648 961 arra
679 914 724 957 aa
760 915 916 960 sanant
956 916 1039 958 rurs-

80 1029 159 1075 aoa.
208 1001 272 1069 Ille
297 999 355 1069 vbi
376 1004 524 1087 accepit,
551 997 712 1063 hominos
738 995 859 1076 claros,
888 1018 1039 1089 quorum

81 1115 331 1181 auctoritatem
363 1105 495 1171 Romae
526 1100 660 1192 pollere
687 1102 889 1182 audiuerat,
920 1120 1042 1170 contra

82 1224 270 1305 inceptum
287 1233 392 1279 suum
405 1215 556 1276 venisse:
584 1214 702 1298 primo
716 1226 925 1283 commotus,
943 1226 1042 1275 metu

82 1338 193 1411 atquo
224 1316 382 1384 lubidine
412 1314 572 1380 diuoraua
607 1313 812 1402 agitabatur.
877 1314 1044 1380 Timebat

84 1423 333 1501 transeunti,
364 1425 424 1503 (ni
451 1425 624 1509 paruisset
649 1417 814 1507 legatisr)
837 1442 944 1510 porro
968 1425 1045 1485 ani-

86 1556 169 1601 mus
202 1526 369 1618 cupidine
403 1546 525 1591 caoous
554 1520 600 1587 ad
632 1527 815 1612 inceptum
847 1522 959 1591 scelus
990 1546 1045 1601 ra-

87 1635 221 1732 piabat.
267 1633 367 1701 Vicit
393 1646 512 1695 tamen
535 1634 573 1693 in
598 1626 703 1695 auido
729 1635 873 1718 ingenio
894 1651 1047 1720 prauum

88 1737 286 1813 consilium.
335 1738 458 1825 Igitur,
479 1739 632 1800 exercitu
651 1733 880 1815 circumdato,
909 1752 1048 1801 summa

89 1855 128 1919 vi
155 1845 291 1912 Cirtam
318 1848 514 1930 irrumpere
542 1845 682 1918 nititur,
709 1862 871 1906 maxume
891 1864 1046 1931 sperans,

88 1952 238 2023 diduota
263 1969 369 2012 manu
396 1946 563 2024 hortium,
598 1960 659 2011 aut
687 1950 747 2025 ri‚-
764 1962 827 2011 aut
852 1944 941 2012 dolis
974 1968 1050 2011 sese

92 2078 215 2129 casum
241 2057 406 2120 victoriae
432 2057 672 2115 inuenturum.
735 2050 841 2138 Quod
869 2050 926 2116 vbi
951 2074 1050 2117 secus

93 2158 270 2260 procedit,
300 2178 428 2246 neque,
461 2153 554 2245 quod
575 2153 785 2234 intenderat,
813 2154 952 2221 efficere
977 2171 1052 2246 pot·

95 2286 170 2348 est,
203 2272 253 2331 vti
279 2268 396 2353 prius,
437 2283 543 2351 quam
571 2257 702 2348 legator
733 2267 956 2339 conueniret,
985 2259 1054 2325 Ad·

95 2368 248 2445 herbalis
273 2375 466 2459 potiretur3
502 2386 548 2430 ne
572 2362 721 2454 amplius
750 2365 919 2432 morando
947 2367 1053 2432 Sonu-

94 2502 197 2556 mm,
239 2496 345 2565 quern
372 2470 567 2562 plurimum
598 2470 792 2549 metuebat,
836 2469 1051 2551 incenderet,

97 2608 184 2657 cum
208 2586 328 2671 paucis
350 2575 525 2667 equitibus
548 2581 586 2641 in
609 2580 829 2674 prouinciam
854 2582 960 2643 venit·
1001 2574 1055 2643 Ao

98 2692 243 2761 tametsi
270 2685 390 2751 Senati
420 2679 533 2749 verbis
560 2687 675 2747 minae
699 2704 821 2770 graues
847 2681 1055 2748 nunciaban-

96 2817 176 2874 tur,
206 2788 299 2882 quod
328 2791 590 2877 oppugnatione
618 2807 690 2851 non
714 2786 911 2865 desisteret3
944 2787 1056 2853 multa

71 2912 74 2917 '
96 2921 225 2973 tamen
247 2899 403 2962 oratione
428 2905 623 2970 consumta,
653 2889 759 2981 legati
781 2892 909 2960 frustra
930 2892 1057 2959 diacos·

100 3029 190 3077 rere.

423 3102 500 3169 ΟΛ
512 3102 554 3167 Ρ.
593 3100 738 3167 XXII.

170 3214 223 3285 Ea
255 3224 442 3300 postquam
484 3207 601 3273 Cirtae
639 3205 758 3272 audita
791 3223 889 3287 sunt,
932 3203 1057 3285 Italici,

105 3339 260 3417 quorum
288 3321 419 3382 virtute
443 3319 583 3379 moenia
610 3309 895 3392 defensabantur,
924 3310 1058 3392 confisi,

107 3425 289 3495 deditione
310 3421 418 3497 facta,
460 3432 608 3508 propter
634 3417 913 3507 magnitudinem
937 3416 1062 3507 populi

107 3532 261 3603 Romani
281 3521 466 3591 inuiolatos
483 3545 558 3588 sese
577 3522 666 3601 fore,
694 3519 883 3589 Adherbali
901 3520 1059 3600 suadent,

97 3616 318 3723 adaequa,
343 3643 381 3697 et
404 3626 575 3719 oppidum
598 3618 790 3719 Iugurthae
816 3624 959 3707 tiata,
998 3632 1079 3689 tart·

599 3735 626 3807 F
653 3758 675 3803 a
