2258 3998
131 115 194 198 tp
381 86 762 185 'nattum

125 267 212 339 sulis
241 261 630 352 memorabantzgqued
653 261 696 327 ab
721 284 764 327 eo
784 282 912 351 genere
935 257 1083 325 celebra·

125 390 182 439 tus
206 385 398 459 auctusque
422 382 519 446 erat,
550 357 586 433 et
610 368 746 433 homini
767 372 962 455 potentiam
983 384 1084 453 quae·

126 482 219 545 renti
245 480 511 565 ‚egentissumus
550 479 697 562 quisque
734 478 1081 561 opportunissumus5

126 586 185 650 cui
207 602 323 671 neque
348 600 410 644 sua
439 599 554 656 curae,
584 583 714 667 quippe
744 600 832 666 quae
861 574 959 641 nulla
971 589 1081 653 ¹¹sunt,

125 704 163 755 et
188 690 307 765 omnia
335 706 416 749 cum
441 685 555 771 pretio
583 682 729 748 honesta
752 681 925 748 videntur.
970 681 1083 768 Igitur

126 794 260 869 Marius
288 811 370 855 cum
399 795 532 853 maiore
562 776 741 876 aliquanto
772 809 939 865 numero,
977 807 1083 875 quam

126 900 309 966 decretum
338 909 428 975 erat,
470 900 508 958 in
542 890 702 957 Africam.
726 892 921 982 profectus,
960 891 1082 967 diebus

125 1008 245 1097 paucis
270 999 404 1065 Vticam
431 997 628 1064 aduehitur.
678 997 860 1063 Exercitus
882 1004 915 1062 ei
933 996 1084 1077 traditur

126 1134 148 1176 a
172 1109 208 1174 P.
225 1101 371 1185 ARutilio
400 1099 523 1192 legato.
558 1125 640 1168 nam
662 1100 827 1169 Metellus
853 1118 1084 1191 conspectum

124 1215 235 1281 Marii
258 1208 395 1298 fugerat
402 1230 412 1287 3
442 1230 488 1273 ne
510 1206 646 1274 videret
666 1230 722 1289 ea,
751 1230 840 1299 quae
864 1206 983 1275 audita
1007 1212 1083 1287 ani-

124 1340 206 1392 mus
223 1304 384 1383 stolerare
408 1317 626 1403 nequiuerat.

394 1490 525 1559 ΜΡ.
565 1491 813 1556 IXXXIII.
887 1494 890 1499 ·
1070 1486 1075 1497 ’

106 1620 108 1625 ’
193 1614 263 1700 Sed
280 1611 414 1692 consul,
439 1610 585 1704 expletis
602 1605 794 1711 legionibus
813 1594 1085 1705 cohortibusque
1118 1618 1121 1623 ’

126 1720 326 1805 auxiliariis,
350 1723 388 1783 in
405 1740 529 1807 agrum
542 1717 697 1783 fertilem
721 1736 756 1784 et
772 1718 898 1810 praeda
917 1735 1085 1815 onustum

124 1824 368 1921 proficiscitur.
401 1826 526 1914 >omnia
558 1820 608 1888 ibi
635 1810 933 1915 captat'militibus
962 1823 1079 1915 donat.

124 1932 219 2009 dein⁴
238 1927 378 1999 castella
410 1944 446 1993 et
477 1926 605 2019 oppida
630 1944 755 1994 natura
787 1946 823 1995 et
850 1936 936 2021 viris*
957 1924 1089 2025 parunt.

124 2043 264 2105 munita
284 2032 504 2125 adgreditur;
532 2033 666 2125 praelia
686 2020 808 2117 multa,
836 2053 994 2102 ceterum
1015 2033 1085 2102 alia

125 2143 219 2210 leuia
244 2138 323 2208 aliis
348 2138 434 2205 locis
468 2137 592 2207 facere.
660 2128 806 2206 Interim
837 2146 924 2207 noui
952 2139 1084 2207 milites

125 2232 209 2343 sine¹
224 2232 322 2313 metu
343 2266 481 2335 pugnae
500 2243 636 2326 adesse,
665 2243 784 2311 videre
804 2244 969 2333 fugientis
989 2253 1081 2337 capi,

125 2353 257 2443 occidi3
286 2351 528 2416 fortissumum
554 2371 729 2439 quemque
754 2355 1000 2416 tutissumum:
1035 2377 1084 2417 ar·

123 2466 190 2527 mis
222 2455 446 2533 libertatem,
486 2459 637 2543 patriam
674 2470 904 2545 parentesque
941 2471 977 2521 et
1015 2454 1084 2524 alia

126 2570 245 2630 omnia
269 2566 365 2650 tegi;=
391 2557 539 2650 gloriam
564 2574 668 2649 atque
692 2558 829 2625 diuitias
851 2567 983 2652 quaeri.
1024 2563 1085 2628 Sio

124 2668 229 2739 breui
251 2671 363 2757 spatio
385 2671 470 2730 noui
488 2680 692 2754 veteresque
714 2662 886 2747 coaluere,
913 2682 950 2731 et
972 2652 1084 2732 virtus

125 2778 287 2838 omnium
314 2767 467 2861 aequalis
492 2769 592 2836 facta.
663 2771 715 2837 At
734 2794 851 2860 reges,
875 2770 932 2838 vbi
958 2770 1001 2836 de
1029 2770 1084 2836 ad·

123 2891 232 2945 ventu
248 2875 355 2940 Marii
376 2891 630 2966 cognouerunt,
661 2874 793 2959 diuersi
816 2882 853 2941 in
871 2873 964 2942 locos
990 2875 1084 2941 difli-

123 2981 200 3052 cilis
222 2969 362 3049 abeant.
411 2982 463 3048 lta
486 2980 676 3070 Iugurthae
693 2980 883 3070 placuerat,
913 2988 1080 3071 speranti,

123 3108 206 3158 mox
227 3084 354 3152 effusos
380 3087 489 3155 hostis
516 3084 638 3151 inuadi
665 3108 784 3175 posse3
811 3087 997 3165 Romanos,
1022 3090 1084 3152 sic·

123 3199 173 3267 Iti
189 3190 388 3284 plerosque,
412 3207 551 3260 remoto
572 3207 684 3271 metu,
713 3189 823 3258 laxius
847 3190 1083 3284 licentiusque

122 3301 269 3371 futuros.

396 3390 474 3457 CA
486 3392 527 3457 P.
561 3390 800 3457 LXXXIV.

187 3509 357 3582 Metellus
387 3515 521 3578 interea
548 3512 696 3578 Romam
725 3512 920 3604 profectus,
958 3527 1081 3579 contra

120 3641 225 3715 spem
246 3641 358 3703 suam,
384 3613 594 3694 laetissumis
616 3624 739 3691 enituit
766 3615 1081 3716 excipiturtplebi
