2258 3998
80 112 147 183 ass
174 160 185 194 ,
205 156 239 195 22
269 64 310 194 a?
330 109 796 189 munnrnsmrm.
828 78 839 181 ’.

160 292 192 352 Ρ.
207 290 351 352 piatque
371 270 562 352 maginfides
578 272 664 339 eima
679 289 776 352 quum
790 265 916 330 somma
929 256 1038 350 peten-

80 367 130 431 da.
145 402 184 415 -
204 364 311 440 ΜΡ,
327 369 478 446 finum,
503 368 653 427 nimirum
671 365 780 447 popelli
789 365 934 432 Romani.
958 364 1038 443 Qui,¹

79 458 126 539 ¹vt¹
142 452 271 541 plurimi
303 459 389 534 fere,
409 456 463 522 [de
477 452 487 485 r
492 460 618 523 fortuna
644 463 822 529 Masinissae
844 460 1038 544 intelligunt,

80 550 243 639 epitonium
267 558 359 619 Liuio
378 557 534 629 referente
554 581 629 621 cum
649 559 789 619 ducentis
807 572 928 619 tantum
947 559 1039 638 equis

80 652 160 714 tibus
185 655 227 712 ad
250 653 407 736 Romanos
432 658 584 717 transierit
607 670 639 715 et
661 656 810 737 deinceps¹
829 653 940 716 abhis
966 653 1039 713 fini-

81 750 138 809 bus
162 765 271 809 auctus
295 749 406 823 fuerit,
433 766 627 821 numerant,
663 766 696 810 vt
719 753 762 810 ita
785 752 906 827 dicam,
937 770 1038 831 equos

81 847 180 913 Liuii,
214 868 280 906 non
304 849 479 927 ponderant
505 849 586 930 regis
610 850 704 927 ipsius
728 845 781 907 illo
804 849 867 905 iam
893 856 1040 927 tempore

81 945 187 1025 magni
207 946 366 1014 virtutem.
410 944 515 1033 {itque
534 945 632 1002 iidein
654 941 795 1024 profecto
814 965 880 1003 non
899 944 1041 1003 sentiunt

81 1041 147 1098 vim
169 1041 326 1107 orationis,
352 1041 516 1112 'dum-non
539 1040 624 1109 dicit,
653 1041 785 1103 maiores
806 1058 877 1100 suos
897 1053 1040 1120 reseptos

83 1156 161 1211 esse·
179 1138 223 1193 in-
241 1137 427 1206 amicitiam,
465 1152 499 1196 vt
520 1151 643 1205 tenues,
686 1135 741 1195 sed
764 1155 841 1194 eam.
863 1136 1038 1194 initimum

84 1253 157 1292 cum
183 1231 346 1301 Romanis,
382 1249 414 1292 et
434 1233 604 1315 famellam
625 1251 720 1290 sicam
743 1233 876 1310 opponit
901 1233 954 1300 iis,
976 1231 1041 1310 qui

83 1326 165 1387 bello
188 1330 271 1385 vieti
289 1345 344 1388 aut
368 1329 460 1388 rebus
481 1330 542 1388 suis
567 1327 670 1387 dubiis
687 1325 773 1385 illam
793 1328 961 1386 amicitiam
985 1346 1038 1407 ap·

81 1426 260 1507 petiuerint
291 1425 421 1506 ·Itaque
445 1426 585 1493 Cottius,
613 1423 671 1505 qui
693 1423 787 1480 etiam
813 1423 855 1482 sd
879 1423 1039 1483 Romanos

83 1520 161 1597 haec
184 1519 290 1597 refert,
323 1522 478 1596 ,hactenns
499 1519 599 1589 bene,
634 1519 774 1578 sednon
798 1519 867 1579 satis
888 1518 945 1578 sibi
965 1539 1040 1578 cou-

83 1632 181 1687 stans,¹
196 1617 273 1676 dum
293 1617 345 1676 hic
363 1618 495 1698 quidem
511 1631 596 1675 recte
613 1629 730 1684 monet,
754 1615 968 1677 Romanorum
987 1633 1038 1675 res

83 1712 138 1773 illo
153 1729 296 1792 tempore
314 1712 552 1792 adflzetissimas
568 1709 672 1789 fnisse,
700 1726 731 1770 et
753 1725 857 1770 tamen
872 1732 903 1790 p.
926 1710 975 1770 62.
1003 1713 1039 1771 iu'

83 1809 322 1888 interpretandis
338 1807 439 1867 verbis
451 1840 479 1852 ··
489 1822 562 1887 post
572 1805 829 1884 magnitudinem
841 1827 925 1866 nom.
941 1807 1041 1867 Rom:

83 1936 108 1953 <⁴
130 1905 215 1963 idem
237 1918 416 1986 negauerat.

163 2057 193 2115 p.
215 2056 263 2116 71.
283 2037 358 2115 Spes
371 2035 472 2095 omnis
484 2034 516 2092 in
533 2033 632 2119 armis!
643 2049 717 2092 erat.
740 2032 812 2094 Alio
831 2052 921 2093 sensu
930 2055 962 2114 p.
980 2031 1039 2093 108

26 2183 29 2188 .
83 2132 218 2191 dicitur:
251 2135 360 2192 omnia
384 2134 441 2210 (sc.
459 2129 625 2212 praesidia
648 2146 679 2188 et
701 2129 858 2190 fortunam
875 2129 959 2199 belli,
983 2130 1037 2190 hic

83 2230 172 2309 spes)
193 2229 228 2286 in
254 2214 346 2288 armis
370 2231 451 2288 sita·
491 2228 531 2286 Et
555 2227 615 2287 hoc
637 2227 743 2288 Liuius
765 2246 829 2309 suo·
843 2227 940 2288 modo
961 2226 1038 2285 dicit

84 2325 230 2383 XXXIX.
245 2345 269 2382 r.
284 2327 344 2383 viri
356 2344 483 2385 omnem
495 2325 627 2403 spemin
639 2325 731 2380 armis
745 2321 908 2391 habentes;
922 2323 1038 2382 Caesar

86 2422 120 2478 B.
136 2422 176 2480 G.
193 2418 296 2478 111.5.
320 2441 447 2479 omnem
466 2439 552 2498 spem
571 2418 673 2478 salutis
691 2422 723 2476 in
739 2420 853 2477 virtute
865 2439 993 2499 ponere.

163 2540 189 2577 ·'-
228 2564 257 2577 -·
298 2532 395 2590 hostis
414 2531 479 2589 nul.
501 2533 543 2591 ni.
570 2529 650 2590 forte
671 2551 767 2611 quem
787 2532 944 2590 inssisetis.
989 2533 1038 2591 lta

85 2625 225 2686 solebant
246 2626 398 2696 Romani,
434 2643 467 2687 vt
489 2626 523 2686 fit
547 2629 639 2686 etiam
669 2628 777 2686 nostris
804 2625 994 2708 temporibus
1018 2646 1037 2686 a

84 2721 318 2802 potentioribus,
348 2724 476 2804 quando
500 2745 557 2804 per
579 2725 731 2781 rationem
740 2716 750 2792 ‚⁴
773 2725 815 2782 ita
839 2722 1034 2803 appellatam,

85 2832 177 2877 status
196 2819 314 2888 vicinis,
339 2820 454 2901 quibus
476 2818 578 2878 nullus
597 2833 642 2878 est
662 2818 780 2903 hostis,
795 2817 915 2879 hostem
933 2835 1038 2882 tameu

84 2933 175 2972 suum
196 2914 286 2973 simul
302 2918 478 2995 imponunt.
773 2908 778 2917 ’

134 3078 137 3083 -
166 3066 198 3123 p.
212 3066 260 3125 72.
286 3044 349 3105 En!
377 3067 473 3126 quam
489 3047 594 3106 omnia
609 3047 642 3103 in
666 3045 719 3106 tali
741 3047 895 3126 Scriptore
915 3062 987 3127 apte
1008 3063 1041 3108 et

88 3142 254 3201 momentis
280 3161 386 3200 rerum
412 3144 636 3202 conuenienter
657 3144 756 3223 posita
774 3143 861 3200 sunt?
894 3144 1043 3207 Proxime.

87 3253 158 3311 ante
179 3239 306 3306 dixerat,
343 3237 434 3296 decet
460 3238 545 3298 vobis
573 3259 667 3298 curae
693 3258 774 3308 esse,
808 3239 958 3297 nimirum
977 3261 1039 3322 pro

87 3332 313 3412 mgnitudine
334 3336 463 3416 imperii
466 3354 478 3398 ,·
500 3333 551 3392 hic
566 3336 677 3415 pergit,
701 3335 783 3402 lieet,
807 3337 957 3414 quoniam
980 3339 1041 3416 ipsi

86 3431 295 3513 vndequaque
319 3444 545 3519 rem-vestram
568 3432 667 3511 quieti
688 3431 791 3512 agitis,
816 3433 927 3489 omnm
949 3433 1042 3492 vobis

86 3545 145 3584 seo.
172 3541 205 3582 et
224 3524 314 3584 obed.
339 3542 419 3605 snut.

165 3649 197 3709 Ρ.
215 3629 264 3712 73.
290 3630 359 3691 ead.
382 3631 461 3692 haec
481 3631 680 3694 simulantem
701 3634 826 3694 videam
847 3668 893 3684 -
918 3652 1040 3696 sensuss
