2258 3998
344 74 840 217 tvevnrfflnvrn
1004 130 1062 175 ιω

108 275 193 351 pter
211 259 318 333 bonu
341 265 439 340 ertit,
464 275 541 329 tum
561 282 735 343 maxume,
762 262 856 356 quod
875 263 1064 345 aduorsum

107 364 252 433 diuitias
273 371 435 441 animum
458 371 636 436 inuictum
663 366 825 458 gerebet3
855 385 892 437 et
917 378 1064 440 auaritia

106 477 378 561 magistratuum
402 464 484 538 ante
509 471 545 539 id
573 487 711 565 tempus
733 481 771 542 in
797 468 964 544 Numidia
989 499 1063 544 nos·

106 593 185 643 trae
209 600 292 669 opes
319 592 497 657 contusae,
524 577 749 672 hostiumque
768 596 891 647 auctae
909 596 1017 648 erant.

366 722 371 733 ’
458 754 587 825 cAP.
627 756 709 825 XL.

170 896 244 965 *Sed
271 895 328 971 rbi
353 902 391 961 in
416 893 574 971 Africum
600 898 706 976 venit,
734 905 905 966 exereitus
931 905 965 969 ei
991 917 1062 967 tre·

105 1003 203 1075 ditur
232 1003 291 1092 Sp.
324 999 448 1067 Albini
475 1022 540 1091 pro
568 1002 722 1070 Consule
748 1011 858 1083 iners,
897 1004 1059 1084 imbellis,

103 1130 221 1198 neque
244 1106 410 1203 periculi,
441 1131 555 1198 neque
584 1107 712 1175 laboris
744 1116 894 1199 patiens,
928 1108 1059 1200 lingua,

103 1238 213 1307 quam
240 1237 365 1292 manu,
392 1218 577 1304 promtior,
609 1215 794 1307 praedator
816 1238 857 1282 ex
884 1221 996 1294 sociis,
1024 1230 1061 1280 et
1118 1196 1122 1215 ⁵

68 1304 84 1399 ’,
103 1322 181 1410 ipse
207 1319 334 1409 praeda
357 1319 527 1398 hostium,
554 1326 632 1389 sine
658 1327 808 1411 imperio
829 1337 866 1386 et
890 1319 1061 1387 modestis

102 1424 254 1491 babitus.
319 1426 371 1491 lta
391 1429 610 1514 imperatori
642 1448 739 1492 nouo
773 1424 851 1517 plus
881 1449 923 1492 ex
958 1424 1060 1491 malis
1088 1412 1092 1421 ¹

72 1622 74 1626 Ι
101 1529 261 1601 moribus
290 1529 547 1608 sollicitudinis,
576 1552 681 1621 quam
707 1553 749 1596 ex
776 1537 876 1622 copia
903 1529 1060 1596 militum

100 1636 236 1717 auxilii,
270 1653 332 1707 aut
358 1642 432 1726 spei
461 1633 573 1703 bonae
597 1635 796 1715 accedebat.
857 1635 987 1703 Statuit
1014 1651 1061 1701 ta·

101 1767 187 1827 men
211 1739 396 1820 Metellus,
430 1764 644 1833 quamquem
670 1759 708 1811 et
734 1748 949 1811 aestiuorum
975 1756 1060 1807 tem·

101 1872 171 1941 pus
191 1851 418 1919 comitiorum
442 1871 544 1915 mora
565 1852 804 1928 imminuerat,
830 1863 868 1915 et
892 1864 1059 1938 exspecta·

101 1961 199 2023 tione
224 1959 345 2023 euenti
379 1956 512 2020 ciuium
540 1959 674 2022 animos
707 1960 863 2022 intentos
892 1953 1056 2046 putabam

101 2083 176 2127 non
202 2066 298 2150 prius
328 2056 462 2129 bellum
489 2057 686 2148 adtingere,
724 2081 849 2148 quam,
884 2066 1058 2125 maiorum

101 2164 296 2256 disciplina,
326 2163 455 2233 milites
481 2161 635 2230 laborare
660 2171 862 2253 coegisset..
887 2164 978 2231 Nam
1001 2162 1059 2229 Al·
1083 2199 1097 2206 ’-

100 2272 216 2350 binus,
243 2268 328 2340 Auli
348 2270 464 2337 fratris
483 2275 722 2360 exercitusque
748 2267 846 2335 clade
863 2268 1055 2361 perculsus,

71 2379 288 2469 ‘postquam
334 2375 538 2443 decreuerat
580 2397 653 2441 non
696 2373 814 2464 egredi
847 2381 1054 2465 prouincia,

73 2498 275 2573 -qusntum
299 2487 465 2570 temporis
491 2483 704 2555 aestiuorum
734 2487 772 2545 in
797 2476 1054 2569 imperiumst,

99 2587 309 2678 plerumque
333 2584 461 2660 milites
481 2589 617 2655 statiuis
631 2583 765 2653 'castris
788 2584 953 2653 habebam
988 2589 1055 2651 nisi

100 2718 185 2761 cum
215 2692 315 2772 odos,
353 2708 415 2757 aut
443 2688 561 2782 pabuli
595 2706 727 2781 egestas
762 2689 881 2757 locum
917 2707 1056 2757 mutare

98 2799 293 2890 subegerat.
364 2796 433 2863 Sed
465 2819 579 2889 neque
610 2819 709 2864 more
742 2794 884 2863 militari
916 2794 1055 2886 vigiliae

97 2904 379 2993 deducebantur3
408 2909 459 2968 vti
484 2908 611 2992 cuique
633 2899 787 2980 lubebat,
812 2901 854 2968 ab
876 2905 980 2992 signis
999 2902 1054 2967 ab

98 3022 184 3087 erat
232 3009 522 3097 Lixos-permixti
544 3030 627 3077 oum
652 3005 824 3077 militibus
846 3007 905 3073 die
933 3022 1054 3073 noctu·

97 3125 169 3208 qu'e
193 3114 416 3206 vagabantur,
441 3128 477 3179 et
506 3111 661 3202 palantes
688 3136 787 3204 egros
815 3131 959 3190 vastare,
988 3110 1053 3177 vil·

96 3218 148 3289 loe
179 3241 395 3311 expugnare,
420 3220 553 3308 pecoris
577 3233 617 3287 et
635 3223 887 3309 mancipiorum
909 3217 1052 3307 praedas

96 3341 269 3395 asstantes
283 3312 401 3415 agere;
421 3342 531 3413 eaque
544 3338 682 3393 mutare
699 3347 781 3390 cum
799 3322 1051 3389 mercatoribus

95 3439 181 3505 rino
197 3429 405 3507 adnectitio,
434 3443 471 3494 et
486 3424 564 3495 eliis
581 3426 733 3495 talibus:
769 3443 959 3516 praeterea,
983 3426 1052 3493 fru-

95 3552 260 3605 mentum
275 3533 417 3629 publice
434 3533 558 3605 datum
577 3533 739 3609 vendere,
766 3553 895 3622 panem
917 3536 954 3597 in
977 3532 1051 3596 dies

96 3646 267 3722 mercum
295 3657 487 3737 postremo,
518 3659 759 3730 quaecumque
784 3635 855 3705 dici
882 3654 947 3706 aut
967 3636 1056 3726 fingi
