<?xml version="1.0" encoding="UTF-8"?>
<!DOCTYPE html PUBLIC "-//W3C//DTD XHTML 1.0 Transitional//EN"
    "http://www.w3.org/TR/xhtml1/DTD/xhtml1-transitional.dtd">
<html xmlns="http://www.w3.org/1999/xhtml" xml:lang="en" lang="en">
 <head>
  <title>
</title>
<meta http-equiv="Content-Type" content="text/html;charset=utf-8" />
  <meta name='ocr-system' content='tesseract 3.04.00' />
  <meta name='ocr-capabilities' content='ocr_page ocr_carea ocr_par ocr_line ocrx_word'/>
</head>
<body>
  <div class='ocr_page' id='page_1' title='image "./caivscrispvssal00sallgoog_0198.png"; bbox 0 0 2258 3998; ppageno 0'>
   <div class='ocr_carea' id='block_1_1' title="bbox 185 116 1003 211">
    <p class='ocr_par' dir='ltr' id='par_1_1' title="bbox 185 116 1003 211">
     <span class='ocr_line' id='line_1_1' title="bbox 185 116 1003 211; baseline -0.004 -20"><span class='ocrx_word' id='word_1_1' title='bbox 185 116 475 191; x_wconf 76' lang='lat' dir='ltr'>versionis</span> <span class='ocrx_word' id='word_1_2' title='bbox 503 116 847 211; x_wconf 77' lang='grc' dir='ltr'>ιιιιιιιιιοιιι.</span> <span class='ocrx_word' id='word_1_3' title='bbox 934 118 1003 210; x_wconf 58' lang='grc' dir='ltr'>ιι,-</span> 
     </span>
    </p>
   </div>
   <div class='ocr_carea' id='block_1_2' title="bbox 46 272 1083 744">
    <p class='ocr_par' dir='ltr' id='par_1_2' title="bbox 46 272 1083 744">
     <span class='ocr_line' id='line_1_2' title="bbox 49 272 1083 365; baseline -0.001 -28"><span class='ocrx_word' id='word_1_4' title='bbox 49 294 61 305; x_wconf 77' lang='grc'><strong><em>’</em></strong></span> <span class='ocrx_word' id='word_1_5' title='bbox 97 274 145 343; x_wconf 78' lang='lat'>10.</span> <span class='ocrx_word' id='word_1_6' title='bbox 170 273 317 365; x_wconf 62' lang='lat' dir='ltr'>ilbertus</span> <span class='ocrx_word' id='word_1_7' title='bbox 339 272 730 337; x_wconf 81' lang='lat' dir='ltr'>Fabricins&#39;bibliothecae</span> <span class='ocrx_word' id='word_1_8' title='bbox 755 292 830 337; x_wconf 81' lang='lat' dir='ltr'>suae</span> <span class='ocrx_word' id='word_1_9' title='bbox 851 274 877 339; x_wconf 85' lang='lat'>1.</span> <span class='ocrx_word' id='word_1_10' title='bbox 909 294 942 347; x_wconf 68' lang='lat' dir='ltr'>a,</span> <span class='ocrx_word' id='word_1_11' title='bbox 959 297 988 359; x_wconf 84' lang='lat'>9.</span> <span class='ocrx_word' id='word_1_12' title='bbox 1078 334 1083 343; x_wconf 84' lang='grc'>,</span> 
     </span>
     <span class='ocr_line' id='line_1_3' title="bbox 46 370 993 449; baseline -0.003 -14"><span class='ocrx_word' id='word_1_13' title='bbox 46 370 136 435; x_wconf 77' lang='lat' dir='ltr'>refert</span> <span class='ocrx_word' id='word_1_14' title='bbox 159 370 251 449; x_wconf 83' lang='lat' dir='ltr'>Caro.</span> <span class='ocrx_word' id='word_1_15' title='bbox 276 372 420 432; x_wconf 82' lang='lat' dir='ltr'>Pastinum</span> <span class='ocrx_word' id='word_1_16' title='bbox 453 372 585 433; x_wconf 81' lang='lat' dir='ltr'>edidisse</span> <span class='ocrx_word' id='word_1_17' title='bbox 619 392 754 432; x_wconf 89' lang='lat' dir='ltr'>numum</span> <span class='ocrx_word' id='word_1_18' title='bbox 784 370 915 431; x_wconf 82' lang='lat' dir='ltr'><strong>Sallustii</strong></span> <span class='ocrx_word' id='word_1_19' title='bbox 942 392 993 432; x_wconf 87' lang='lat' dir='ltr'>ca·</span> 
     </span>
     <span class='ocr_line' id='line_1_4' title="bbox 46 464 992 552; baseline -0.004 -19"><span class='ocrx_word' id='word_1_20' title='bbox 46 484 96 552; x_wconf 74' lang='lat' dir='ltr'>put</span> <span class='ocrx_word' id='word_1_21' title='bbox 114 466 314 530; x_wconf 81' lang='lat' dir='ltr'>exhibentem</span> <span class='ocrx_word' id='word_1_22' title='bbox 324 487 398 528; x_wconf 88' lang='lat' dir='ltr'>cnm</span> <span class='ocrx_word' id='word_1_23' title='bbox 414 464 583 551; x_wconf 75' lang='lat' dir='ltr'><strong>epigraphe</strong></span> <span class='ocrx_word' id='word_1_24' title='bbox 604 465 751 536; x_wconf 66' lang='grc' dir='ltr'>Αιιοιις</span> <span class='ocrx_word' id='word_1_25' title='bbox 776 488 913 550; x_wconf 86' lang='lat' dir='ltr'>eumque</span> <span class='ocrx_word' id='word_1_26' title='bbox 932 489 992 548; x_wconf 88' lang='lat' dir='ltr'>pu·</span> 
     </span>
     <span class='ocr_line' id='line_1_5' title="bbox 46 564 992 646; baseline -0.004 -19"><span class='ocrx_word' id='word_1_27' title='bbox 46 584 104 627; x_wconf 83' lang='lat' dir='ltr'>are</span> <span class='ocrx_word' id='word_1_28' title='bbox 124 564 263 626; x_wconf 86' lang='lat' dir='ltr'>eundem</span> <span class='ocrx_word' id='word_1_29' title='bbox 284 566 443 646; x_wconf 87' lang='lat' dir='ltr'>pertinere</span> <span class='ocrx_word' id='word_1_30' title='bbox 464 585 531 626; x_wconf 89' lang='lat' dir='ltr'>non</span> <span class='ocrx_word' id='word_1_31' title='bbox 553 565 594 626; x_wconf 87' lang='lat' dir='ltr'>ad</span> <span class='ocrx_word' id='word_1_32' title='bbox 615 567 797 645; x_wconf 75' lang='lat' dir='ltr'><strong>scriptorem</strong></span> <span class='ocrx_word' id='word_1_33' title='bbox 820 585 841 623; x_wconf 93' lang='lat' dir='ltr'>s.</span> <span class='ocrx_word' id='word_1_34' title='bbox 865 565 992 624; x_wconf 87' lang='lat' dir='ltr'>Histori-</span> 
     </span>
     <span class='ocr_line' id='line_1_6' title="bbox 46 652 1000 744; baseline 0 -21"><span class='ocrx_word' id='word_1_35' title='bbox 46 682 129 732; x_wconf 82' lang='lat' dir='ltr'>tnm,</span> <span class='ocrx_word' id='word_1_36' title='bbox 163 660 219 722; x_wconf 86' lang='lat' dir='ltr'>sed</span> <span class='ocrx_word' id='word_1_37' title='bbox 240 661 281 720; x_wconf 90' lang='lat' dir='ltr'>ad</span> <span class='ocrx_word' id='word_1_38' title='bbox 302 652 400 720; x_wconf 83' lang='lat' dir='ltr'>alium</span> <span class='ocrx_word' id='word_1_39' title='bbox 422 660 480 744; x_wconf 90' lang='lat' dir='ltr'>qui</span> <span class='ocrx_word' id='word_1_40' title='bbox 500 658 597 721; x_wconf 84' lang='lat' dir='ltr'>fuerit</span> <span class='ocrx_word' id='word_1_41' title='bbox 618 658 737 722; x_wconf 89' lang='lat' dir='ltr'>Consul</span> <span class='ocrx_word' id='word_1_42' title='bbox 760 676 833 720; x_wconf 78' lang='lat' dir='ltr'>cum</span> <span class='ocrx_word' id='word_1_43' title='bbox 857 658 1000 723; x_wconf 88' lang='lat' dir='ltr'>Leontio</span> 
     </span>
    </p>
   </div>
   <div class='ocr_carea' id='block_1_3' title="bbox 46 753 990 838">
    <p class='ocr_par' dir='ltr' id='par_1_3' title="bbox 46 753 990 838">
     <span class='ocr_line' id='line_1_7' title="bbox 46 753 990 838; baseline -0.002 -20"><span class='ocrx_word' id='word_1_44' title='bbox 46 779 65 819; x_wconf 90' lang='grc' dir='ltr'>ι</span> <span class='ocrx_word' id='word_1_45' title='bbox 87 758 130 818; x_wconf 80' lang='lat' dir='ltr'>V.</span> <span class='ocrx_word' id='word_1_46' title='bbox 154 756 199 818; x_wconf 87' lang='lat' dir='ltr'>C.-</span> <span class='ocrx_word' id='word_1_47' title='bbox 221 753 299 838; x_wconf 77' lang='lat'>1096</span> <span class='ocrx_word' id='word_1_48' title='bbox 323 754 437 817; x_wconf 84' lang='lat' dir='ltr'>Christi</span> <span class='ocrx_word' id='word_1_49' title='bbox 458 756 527 836; x_wconf 72' lang='grc'>344.</span> <span class='ocrx_word' id='word_1_50' title='bbox 591 756 684 818; x_wconf 79' lang='lat' dir='ltr'>Sed</span> <span class='ocrx_word' id='word_1_51' title='bbox 673 770 730 816; x_wconf 79' lang='lat' dir='ltr'>aste</span> <span class='ocrx_word' id='word_1_52' title='bbox 748 775 862 817; x_wconf 85' lang='lat' dir='ltr'>numus</span> <span class='ocrx_word' id='word_1_53' title='bbox 885 756 990 817; x_wconf 86' lang='lat' dir='ltr'>diuer-</span> 
     </span>
    </p>
   </div>
   <div class='ocr_carea' id='block_1_4' title="bbox 51 947 1051 3280">
    <p class='ocr_par' dir='ltr' id='par_1_4' title="bbox 51 947 1051 3280">
     <span class='ocr_line' id='line_1_8' title="bbox 103 947 1051 1026; baseline 0 -23"><span class='ocrx_word' id='word_1_54' title='bbox 103 963 159 1026; x_wconf 47' lang='grc' dir='ltr'>χιιι</span> <span class='ocrx_word' id='word_1_55' title='bbox 179 950 271 1023; x_wconf 69' lang='lat' dir='ltr'>quaem</span> <span class='ocrx_word' id='word_1_56' title='bbox 297 965 390 1023; x_wconf 87' lang='lat' dir='ltr'>poste,</span> <span class='ocrx_word' id='word_1_57' title='bbox 416 963 511 1005; x_wconf 81' lang='lat' dir='ltr'>eontra</span> <span class='ocrx_word' id='word_1_58' title='bbox 530 965 624 1005; x_wconf 88' lang='lat' dir='ltr'>omnes</span> <span class='ocrx_word' id='word_1_59' title='bbox 648 966 677 1003; x_wconf 85' lang='lat' dir='ltr'>se</span> <span class='ocrx_word' id='word_1_60' title='bbox 697 963 825 1022; x_wconf 83' lang='lat' dir='ltr'>torquent</span> <span class='ocrx_word' id='word_1_61' title='bbox 848 951 877 1002; x_wconf 84' lang='lat' dir='ltr'>in</span> <span class='ocrx_word' id='word_1_62' title='bbox 898 947 987 1003; x_wconf 85' lang='lat' dir='ltr'>verbis</span> <span class='ocrx_word' id='word_1_63' title='bbox 1047 1020 1051 1025; x_wconf 26' lang='lat'><strong>·</strong></span> 
     </span>
     <span class='ocr_line' id='line_1_9' title="bbox 104 1034 988 1112; baseline 0 -23"><span class='ocrx_word' id='word_1_64' title='bbox 104 1035 273 1112; x_wconf 79' lang='lat' dir='ltr'>praefationis</span> <span class='ocrx_word' id='word_1_65' title='bbox 294 1034 329 1092; x_wconf 86' lang='lat' dir='ltr'>ad</span> <span class='ocrx_word' id='word_1_66' title='bbox 350 1035 509 1110; x_wconf 73' lang='lat' dir='ltr'>Iugurtham</span> <span class='ocrx_word' id='word_1_67' title='bbox 533 1065 567 1080; x_wconf 91' lang='lat'>-·</span> <span class='ocrx_word' id='word_1_68' title='bbox 590 1055 664 1093; x_wconf 79' lang='lat' dir='ltr'>nuuc</span> <span class='ocrx_word' id='word_1_69' title='bbox 682 1036 723 1089; x_wconf 82' lang='lat' dir='ltr'>ad</span> <span class='ocrx_word' id='word_1_70' title='bbox 735 1041 872 1109; x_wconf 79' lang='lat' dir='ltr'>inceptum</span> <span class='ocrx_word' id='word_1_71' title='bbox 894 1035 988 1099; x_wconf 63' lang='lat' dir='ltr'>rodem·</span> 
     </span>
     <span class='ocr_line' id='line_1_10' title="bbox 103 1122 989 1198; baseline -0.002 -19"><span class='ocrx_word' id='word_1_72' title='bbox 103 1123 151 1179; x_wconf 76' lang='lat' dir='ltr'>tbi</span> <span class='ocrx_word' id='word_1_73' title='bbox 169 1138 334 1198; x_wconf 81' lang='lat' dir='ltr'>expectasset</span> <span class='ocrx_word' id='word_1_74' title='bbox 356 1122 423 1177; x_wconf 88' lang='lat' dir='ltr'>dici:</span> <span class='ocrx_word' id='word_1_75' title='bbox 450 1126 548 1186; x_wconf 76' lang='lat' dir='ltr'>venio,</span> <span class='ocrx_word' id='word_1_76' title='bbox 573 1123 672 1183; x_wconf 81' lang='lat' dir='ltr'>accede</span> <span class='ocrx_word' id='word_1_77' title='bbox 697 1123 738 1179; x_wconf 85' lang='lat' dir='ltr'>ad</span> <span class='ocrx_word' id='word_1_78' title='bbox 750 1127 919 1197; x_wconf 80' lang='lat' dir='ltr'>prepositum</span> <span class='ocrx_word' id='word_1_79' title='bbox 940 1137 989 1179; x_wconf 87' lang='lat' dir='ltr'>aut</span> 
     </span>
     <span class='ocr_line' id='line_1_11' title="bbox 51 1204 988 1286; baseline 0.002 -21"><span class='ocrx_word' id='word_1_80' title='bbox 51 1204 54 1211; x_wconf 55' lang='lat'><strong>¹</strong></span> <span class='ocrx_word' id='word_1_81' title='bbox 102 1208 191 1265; x_wconf 84' lang='lat' dir='ltr'>simile</span> <span class='ocrx_word' id='word_1_82' title='bbox 205 1209 278 1283; x_wconf 89' lang='lat' dir='ltr'>quid.</span> <span class='ocrx_word' id='word_1_83' title='bbox 319 1211 472 1266; x_wconf 82' lang='lat' dir='ltr'>Conferant</span> <span class='ocrx_word' id='word_1_84' title='bbox 487 1208 595 1286; x_wconf 84' lang='lat' dir='ltr'>quidem</span> <span class='ocrx_word' id='word_1_85' title='bbox 614 1210 697 1275; x_wconf 82' lang='lat' dir='ltr'>locos,</span> <span class='ocrx_word' id='word_1_86' title='bbox 721 1213 749 1263; x_wconf 91' lang='lat' dir='ltr'>iu</span> <span class='ocrx_word' id='word_1_87' title='bbox 765 1211 862 1283; x_wconf 86' lang='lat' dir='ltr'>quibus</span> <span class='ocrx_word' id='word_1_88' title='bbox 872 1209 988 1267; x_wconf 73' lang='lat' dir='ltr'>verbum</span> 
     </span>
     <span class='ocr_line' id='line_1_12' title="bbox 86 1296 988 1371; baseline 0 -20"><span class='ocrx_word' id='word_1_89' title='bbox 86 1297 189 1369; x_wconf 27' lang='lat' dir='ltr'>,nde</span> <span class='ocrx_word' id='word_1_90' title='bbox 209 1296 323 1371; x_wconf 79' lang='lat' dir='ltr'>simplici</span> <span class='ocrx_word' id='word_1_91' title='bbox 341 1316 422 1353; x_wconf 85' lang='lat' dir='ltr'>sensu</span> <span class='ocrx_word' id='word_1_92' title='bbox 436 1297 596 1353; x_wconf 86' lang='lat' dir='ltr'>adhibeatur</span> <span class='ocrx_word' id='word_1_93' title='bbox 620 1301 701 1353; x_wconf 87' lang='lat' dir='ltr'>etiam</span> <span class='ocrx_word' id='word_1_94' title='bbox 720 1300 748 1349; x_wconf 91' lang='lat' dir='ltr'>in</span> <span class='ocrx_word' id='word_1_95' title='bbox 764 1315 807 1359; x_wconf 77' lang='lat' dir='ltr'>re..</span> <span class='ocrx_word' id='word_1_96' title='bbox 830 1316 911 1370; x_wconf 81' lang='lat' dir='ltr'>quant</span> <span class='ocrx_word' id='word_1_97' title='bbox 927 1297 988 1369; x_wconf 81' lang='lat' dir='ltr'>quis</span> 
     </span>
     <span class='ocr_line' id='line_1_13' title="bbox 101 1380 988 1458; baseline -0.001 -18"><span class='ocrx_word' id='word_1_98' title='bbox 101 1383 227 1440; x_wconf 86' lang='lat' dir='ltr'>nondum</span> <span class='ocrx_word' id='word_1_99' title='bbox 248 1387 374 1458; x_wconf 77' lang='lat' dir='ltr'>attigerit.</span> <span class='ocrx_word' id='word_1_100' title='bbox 423 1383 476 1439; x_wconf 85' lang='lat' dir='ltr'>Sed</span> <span class='ocrx_word' id='word_1_101' title='bbox 498 1384 595 1438; x_wconf 75' lang='lat' dir='ltr'>frustra</span> <span class='ocrx_word' id='word_1_102' title='bbox 616 1382 644 1436; x_wconf 92' lang='lat' dir='ltr'>id</span> <span class='ocrx_word' id='word_1_103' title='bbox 667 1380 784 1447; x_wconf 82' lang='lat' dir='ltr'>faciunt,</span> <span class='ocrx_word' id='word_1_104' title='bbox 818 1386 935 1438; x_wconf 88' lang='lat' dir='ltr'>maxime</span> <span class='ocrx_word' id='word_1_105' title='bbox 957 1385 988 1439; x_wconf 86' lang='lat' dir='ltr'>in</span> 
     </span>
     <span class='ocr_line' id='line_1_14' title="bbox 101 1462 984 1546; baseline -0.003 -23"><span class='ocrx_word' id='word_1_106' title='bbox 101 1462 253 1544; x_wconf 69' lang='lat' dir='ltr'>¹scriptore,</span> <span class='ocrx_word' id='word_1_107' title='bbox 288 1474 336 1546; x_wconf 87' lang='lat' dir='ltr'>qui</span> <span class='ocrx_word' id='word_1_108' title='bbox 358 1485 529 1533; x_wconf 77' lang='lat' dir='ltr'>constanter,</span> <span class='ocrx_word' id='word_1_109' title='bbox 559 1487 639 1524; x_wconf 84' lang='lat' dir='ltr'>sensu</span> <span class='ocrx_word' id='word_1_110' title='bbox 659 1472 767 1542; x_wconf 90' lang='lat' dir='ltr'>proprio</span> <span class='ocrx_word' id='word_1_111' title='bbox 792 1469 849 1523; x_wconf 87' lang='lat' dir='ltr'>siue</span> <span class='ocrx_word' id='word_1_112' title='bbox 873 1468 984 1541; x_wconf 79' lang='lat' dir='ltr'>vulgari,</span> 
     </span>
     <span class='ocr_line' id='line_1_15' title="bbox 101 1554 987 1631; baseline -0.005 -19"><span class='ocrx_word' id='word_1_113' title='bbox 101 1554 153 1612; x_wconf 81' lang='lat' dir='ltr'>hac</span> <span class='ocrx_word' id='word_1_114' title='bbox 170 1556 287 1611; x_wconf 78' lang='lat' dir='ltr'>formula</span> <span class='ocrx_word' id='word_1_115' title='bbox 309 1559 436 1612; x_wconf 74' lang='lat' dir='ltr'>transitus</span> <span class='ocrx_word' id='word_1_116' title='bbox 460 1558 559 1619; x_wconf 74' lang='lat' dir='ltr'>vritur,</span> <span class='ocrx_word' id='word_1_117' title='bbox 585 1574 648 1609; x_wconf 84' lang='lat' dir='ltr'>eum</span> <span class='ocrx_word' id='word_1_118' title='bbox 668 1569 856 1628; x_wconf 77' lang='lat' dir='ltr'>argumentum</span> <span class='ocrx_word' id='word_1_119' title='bbox 880 1554 987 1631; x_wconf 87' lang='lat' dir='ltr'>paullis-</span> 
     </span>
     <span class='ocr_line' id='line_1_16' title="bbox 99 1638 987 1720; baseline 0.001 -24"><span class='ocrx_word' id='word_1_120' title='bbox 99 1660 151 1720; x_wconf 85' lang='lat' dir='ltr'>per</span> <span class='ocrx_word' id='word_1_121' title='bbox 165 1648 312 1717; x_wconf 88' lang='lat' dir='ltr'>sepositum</span> <span class='ocrx_word' id='word_1_122' title='bbox 326 1646 448 1706; x_wconf 84' lang='lat' dir='ltr'>resumit,</span> <span class='ocrx_word' id='word_1_123' title='bbox 471 1658 502 1697; x_wconf 84' lang='lat' dir='ltr'>vt</span> <span class='ocrx_word' id='word_1_124' title='bbox 516 1661 543 1716; x_wconf 85' lang='lat' dir='ltr'>p.</span> <span class='ocrx_word' id='word_1_125' title='bbox 565 1641 623 1696; x_wconf 89' lang='lat' dir='ltr'>bui.</span> <span class='ocrx_word' id='word_1_126' title='bbox 640 1638 704 1693; x_wconf 85' lang='lat' dir='ltr'>edit.</span> <span class='ocrx_word' id='word_1_127' title='bbox 721 1660 778 1694; x_wconf 87' lang='lat' dir='ltr'>too.</span> <span class='ocrx_word' id='word_1_128' title='bbox 796 1643 854 1695; x_wconf 82' lang='lat'>132.</span> <span class='ocrx_word' id='word_1_129' title='bbox 893 1644 987 1717; x_wconf 78' lang='lat' dir='ltr'>Atque</span> 
     </span>
     <span class='ocr_line' id='line_1_17' title="bbox 98 1726 986 1807; baseline 0 -25"><span class='ocrx_word' id='word_1_130' title='bbox 98 1744 238 1807; x_wconf 87' lang='lat' dir='ltr'>praeterea</span> <span class='ocrx_word' id='word_1_131' title='bbox 258 1748 316 1783; x_wconf 88' lang='lat' dir='ltr'>non</span> <span class='ocrx_word' id='word_1_132' title='bbox 333 1731 463 1793; x_wconf 89' lang='lat' dir='ltr'>sentiunt,</span> <span class='ocrx_word' id='word_1_133' title='bbox 486 1730 569 1782; x_wconf 88' lang='lat' dir='ltr'>etiam</span> <span class='ocrx_word' id='word_1_134' title='bbox 581 1726 628 1781; x_wconf 84' lang='lat' dir='ltr'>bie</span> <span class='ocrx_word' id='word_1_135' title='bbox 647 1726 762 1781; x_wconf 82' lang='lat' dir='ltr'>illud-</span> <span class='ocrx_word' id='word_1_136' title='bbox 773 1731 910 1802; x_wconf 78' lang='lat' dir='ltr'>inceptum</span> <span class='ocrx_word' id='word_1_137' title='bbox 926 1747 986 1802; x_wconf 89' lang='lat' dir='ltr'>pre·</span> 
     </span>
     <span class='ocr_line' id='line_1_18' title="bbox 102 1816 987 1890; baseline -0.005 -17"><span class='ocrx_word' id='word_1_138' title='bbox 102 1836 185 1881; x_wconf 83' lang='lat' dir='ltr'>mere,</span> <span class='ocrx_word' id='word_1_139' title='bbox 204 1835 260 1890; x_wconf 90' lang='lat' dir='ltr'>quo</span> <span class='ocrx_word' id='word_1_140' title='bbox 275 1830 420 1890; x_wconf 76' lang='lat' dir='ltr'>poneretur</span> <span class='ocrx_word' id='word_1_141' title='bbox 434 1816 519 1889; x_wconf 83' lang='lat' dir='ltr'>ipsam</span> <span class='ocrx_word' id='word_1_142' title='bbox 534 1817 714 1869; x_wconf 78' lang='lat' dir='ltr'>narrationem</span> <span class='ocrx_word' id='word_1_143' title='bbox 732 1817 785 1869; x_wconf 88' lang='lat' dir='ltr'>iam</span> <span class='ocrx_word' id='word_1_144' title='bbox 802 1831 865 1870; x_wconf 90' lang='lat' dir='ltr'>ante</span> <span class='ocrx_word' id='word_1_145' title='bbox 878 1817 987 1870; x_wconf 78' lang='grc' dir='ltr'>ιιιοιιοιι-</span> 
     </span>
     <span class='ocr_line' id='line_1_19' title="bbox 100 1901 989 1978; baseline -0.003 -19"><span class='ocrx_word' id='word_1_146' title='bbox 100 1919 158 1959; x_wconf 84' lang='lat' dir='ltr'>tam</span> <span class='ocrx_word' id='word_1_147' title='bbox 179 1903 275 1965; x_wconf 80' lang='lat' dir='ltr'>fuisse,</span> <span class='ocrx_word' id='word_1_148' title='bbox 299 1918 379 1976; x_wconf 87' lang='lat' dir='ltr'>atque</span> <span class='ocrx_word' id='word_1_149' title='bbox 400 1901 455 1957; x_wconf 87' lang='lat' dir='ltr'>hoc</span> <span class='ocrx_word' id='word_1_150' title='bbox 476 1903 573 1975; x_wconf 74' lang='lat' dir='ltr'>magis,</span> <span class='ocrx_word' id='word_1_151' title='bbox 598 1920 662 1959; x_wconf 87' lang='lat' dir='ltr'>cum</span> <span class='ocrx_word' id='word_1_152' title='bbox 677 1922 742 1959; x_wconf 79' lang='lat' dir='ltr'>mox</span> <span class='ocrx_word' id='word_1_153' title='bbox 762 1901 847 1957; x_wconf 85' lang='lat' dir='ltr'>dieat:</span> <span class='ocrx_word' id='word_1_154' title='bbox 877 1906 989 1978; x_wconf 81' lang='lat' dir='ltr'>scriptu-</span> 
     </span>
     <span class='ocr_line' id='line_1_20' title="bbox 102 1987 989 2065; baseline 0.003 -21"><span class='ocrx_word' id='word_1_155' title='bbox 102 2010 149 2044; x_wconf 85' lang='lat' dir='ltr'>rus</span> <span class='ocrx_word' id='word_1_156' title='bbox 166 2010 236 2051; x_wconf 84' lang='lat' dir='ltr'>sam,</span> <span class='ocrx_word' id='word_1_157' title='bbox 259 1988 335 2063; x_wconf 89' lang='lat' dir='ltr'>quod</span> <span class='ocrx_word' id='word_1_158' title='bbox 356 2004 429 2042; x_wconf 87' lang='lat' dir='ltr'>certe</span> <span class='ocrx_word' id='word_1_159' title='bbox 450 1987 522 2042; x_wconf 89' lang='lat' dir='ltr'>illius</span> <span class='ocrx_word' id='word_1_160' title='bbox 543 2003 651 2043; x_wconf 84' lang='lat' dir='ltr'>tautum</span> <span class='ocrx_word' id='word_1_161' title='bbox 673 2005 730 2053; x_wconf 87' lang='lat' dir='ltr'>est,</span> <span class='ocrx_word' id='word_1_162' title='bbox 752 1992 800 2065; x_wconf 78' lang='lat' dir='ltr'>qui</span> <span class='ocrx_word' id='word_1_163' title='bbox 823 2007 856 2045; x_wconf 90' lang='lat' dir='ltr'>eo</span> <span class='ocrx_word' id='word_1_164' title='bbox 877 1992 935 2064; x_wconf 89' lang='lat' dir='ltr'>ipso</span> <span class='ocrx_word' id='word_1_165' title='bbox 958 1993 989 2047; x_wconf 85' lang='lat' dir='ltr'>in</span> 
     </span>
     <span class='ocr_line' id='line_1_21' title="bbox 100 2073 894 2153; baseline -0.004 -23"><span class='ocrx_word' id='word_1_166' title='bbox 100 2074 163 2130; x_wconf 86' lang='lat' dir='ltr'>loco</span> <span class='ocrx_word' id='word_1_167' title='bbox 182 2075 298 2151; x_wconf 87' lang='lat' dir='ltr'>aliquam</span> <span class='ocrx_word' id='word_1_168' title='bbox 318 2093 376 2128; x_wconf 86' lang='lat' dir='ltr'>rem</span> <span class='ocrx_word' id='word_1_169' title='bbox 400 2078 520 2149; x_wconf 85' lang='lat' dir='ltr'>primum</span> <span class='ocrx_word' id='word_1_170' title='bbox 544 2073 702 2147; x_wconf 79' lang='lat' dir='ltr'>ingreditur.</span> <span class='ocrx_word' id='word_1_171' title='bbox 889 2122 894 2153; x_wconf 80' lang='lat' dir='ltr'>t</span> 
     </span>
     <span class='ocr_line' id='line_1_22' title="bbox 136 2158 987 2237; baseline -0.001 -21"><span class='ocrx_word' id='word_1_172' title='bbox 136 2162 231 2236; x_wconf 88' lang='lat' dir='ltr'>Itaque</span> <span class='ocrx_word' id='word_1_173' title='bbox 262 2161 330 2216; x_wconf 86' lang='lat' dir='ltr'>mihi</span> <span class='ocrx_word' id='word_1_174' title='bbox 356 2159 468 2235; x_wconf 88' lang='lat' dir='ltr'>quidem</span> <span class='ocrx_word' id='word_1_175' title='bbox 493 2158 572 2213; x_wconf 87' lang='lat' dir='ltr'>valde</span> <span class='ocrx_word' id='word_1_176' title='bbox 599 2159 737 2237; x_wconf 81' lang='lat' dir='ltr'>probabile</span> <span class='ocrx_word' id='word_1_177' title='bbox 766 2177 807 2215; x_wconf 86' lang='lat' dir='ltr'>est</span> <span class='ocrx_word' id='word_1_178' title='bbox 830 2160 987 2221; x_wconf 78' lang='lat' dir='ltr'>Sallustium</span> 
     </span>
     <span class='ocr_line' id='line_1_23' title="bbox 99 2246 988 2319; baseline -0.001 -13"><span class='ocrx_word' id='word_1_179' title='bbox 99 2248 143 2306; x_wconf 81' lang='lat' dir='ltr'>liis</span> <span class='ocrx_word' id='word_1_180' title='bbox 164 2249 252 2303; x_wconf 83' lang='lat' dir='ltr'>verbis</span> <span class='ocrx_word' id='word_1_181' title='bbox 276 2246 310 2302; x_wconf 88' lang='lat' dir='ltr'>ad</span> <span class='ocrx_word' id='word_1_182' title='bbox 325 2246 469 2302; x_wconf 76' lang='lat' dir='ltr'>Catilium</span> <span class='ocrx_word' id='word_1_183' title='bbox 485 2247 645 2319; x_wconf 83' lang='lat' dir='ltr'>respexisse,</span> <span class='ocrx_word' id='word_1_184' title='bbox 669 2266 685 2301; x_wconf 88' lang='lat' dir='ltr'>a</span> <span class='ocrx_word' id='word_1_185' title='bbox 706 2249 782 2300; x_wconf 89' lang='lat' dir='ltr'>cuius</span> <span class='ocrx_word' id='word_1_186' title='bbox 804 2253 988 2305; x_wconf 89' lang='lat' dir='ltr'>coniuratione</span> 
     </span>
     <span class='ocr_line' id='line_1_24' title="bbox 99 2332 988 2415; baseline 0.002 -25"><span class='ocrx_word' id='word_1_187' title='bbox 99 2338 238 2410; x_wconf 88' lang='lat' dir='ltr'>inceperat</span> <span class='ocrx_word' id='word_1_188' title='bbox 260 2337 385 2410; x_wconf 84' lang='lat' dir='ltr'>primaria</span> <span class='ocrx_word' id='word_1_189' title='bbox 406 2335 493 2407; x_wconf 77' lang='lat' dir='ltr'>capita</span> <span class='ocrx_word' id='word_1_190' title='bbox 513 2332 577 2386; x_wconf 86' lang='lat' dir='ltr'>hist.</span> <span class='ocrx_word' id='word_1_191' title='bbox 603 2352 673 2387; x_wconf 88' lang='lat' dir='ltr'>rom.</span> <span class='ocrx_word' id='word_1_192' title='bbox 702 2336 885 2408; x_wconf 89' lang='lat' dir='ltr'>perscribere;</span> <span class='ocrx_word' id='word_1_193' title='bbox 913 2340 988 2415; x_wconf 83' lang='lat' dir='ltr'>quasi</span> 
     </span>
     <span class='ocr_line' id='line_1_25' title="bbox 98 2419 982 2498; baseline 0.001 -23"><span class='ocrx_word' id='word_1_194' title='bbox 98 2422 180 2498; x_wconf 84' lang='lat' dir='ltr'>plene</span> <span class='ocrx_word' id='word_1_195' title='bbox 205 2420 328 2478; x_wconf 80' lang='lat' dir='ltr'>dixisset:</span> <span class='ocrx_word' id='word_1_196' title='bbox 357 2420 392 2476; x_wconf 81' lang='lat' dir='ltr'>ad</span> <span class='ocrx_word' id='word_1_197' title='bbox 409 2424 550 2494; x_wconf 88' lang='lat' dir='ltr'>inoeptum</span> <span class='ocrx_word' id='word_1_198' title='bbox 573 2439 593 2473; x_wconf 85' lang='lat' dir='ltr'>a</span> <span class='ocrx_word' id='word_1_199' title='bbox 611 2419 734 2475; x_wconf 80' lang='lat' dir='ltr'>Catilina</span> <span class='ocrx_word' id='word_1_200' title='bbox 750 2419 871 2475; x_wconf 84' lang='lat' dir='ltr'>studium</span> <span class='ocrx_word' id='word_1_201' title='bbox 892 2421 982 2477; x_wconf 88' lang='lat' dir='ltr'>redeo.</span> 
     </span>
     <span class='ocr_line' id='line_1_26' title="bbox 101 2507 986 2584; baseline -0.003 -20"><span class='ocrx_word' id='word_1_202' title='bbox 101 2509 156 2564; x_wconf 77' lang='lat' dir='ltr'>sed</span> <span class='ocrx_word' id='word_1_203' title='bbox 177 2525 283 2584; x_wconf 88' lang='lat' dir='ltr'>poterat</span> <span class='ocrx_word' id='word_1_204' title='bbox 305 2512 387 2565; x_wconf 83' lang='lat' dir='ltr'>etiam</span> <span class='ocrx_word' id='word_1_205' title='bbox 408 2508 437 2563; x_wconf 87' lang='lat' dir='ltr'>id</span> <span class='ocrx_word' id='word_1_206' title='bbox 458 2507 604 2562; x_wconf 87' lang='lat' dir='ltr'>lectoribus</span> <span class='ocrx_word' id='word_1_207' title='bbox 624 2510 666 2561; x_wconf 88' lang='lat' dir='ltr'>sui</span> <span class='ocrx_word' id='word_1_208' title='bbox 686 2510 814 2580; x_wconf 88' lang='lat' dir='ltr'>temporis</span> <span class='ocrx_word' id='word_1_209' title='bbox 836 2508 986 2564; x_wconf 89' lang='lat' dir='ltr'>subintelli-</span> 
     </span>
     <span class='ocr_line' id='line_1_27' title="bbox 100 2593 987 2672; baseline 0.001 -22"><span class='ocrx_word' id='word_1_210' title='bbox 100 2596 220 2670; x_wconf 67' lang='lat' dir='ltr'>gendum</span> <span class='ocrx_word' id='word_1_211' title='bbox 243 2597 408 2672; x_wconf 84' lang='lat' dir='ltr'>relinquere,</span> <span class='ocrx_word' id='word_1_212' title='bbox 439 2596 536 2670; x_wconf 85' lang='lat' dir='ltr'>quibus</span> <span class='ocrx_word' id='word_1_213' title='bbox 560 2613 621 2669; x_wconf 85' lang='lat' dir='ltr'>ptus</span> <span class='ocrx_word' id='word_1_214' title='bbox 645 2593 690 2652; x_wconf 86' lang='lat' dir='ltr'>illa</span> <span class='ocrx_word' id='word_1_215' title='bbox 708 2598 781 2669; x_wconf 87' lang='lat' dir='ltr'>prior</span> <span class='ocrx_word' id='word_1_216' title='bbox 802 2598 856 2650; x_wconf 84' lang='lat' dir='ltr'>iam</span> <span class='ocrx_word' id='word_1_217' title='bbox 878 2598 908 2650; x_wconf 91' lang='lat' dir='ltr'>in</span> <span class='ocrx_word' id='word_1_218' title='bbox 930 2615 987 2652; x_wconf 82' lang='lat' dir='ltr'>ma·</span> 
     </span>
     <span class='ocr_line' id='line_1_28' title="bbox 101 2685 271 2739; baseline -0.006 -1"><span class='ocrx_word' id='word_1_219' title='bbox 101 2685 182 2739; x_wconf 87' lang='lat' dir='ltr'>nibus</span> <span class='ocrx_word' id='word_1_220' title='bbox 207 2700 271 2739; x_wconf 88' lang='lat' dir='ltr'>etat.</span> 
     </span>
     <span class='ocr_line' id='line_1_29' title="bbox 69 2768 986 2851; baseline 0 -27"><span class='ocrx_word' id='word_1_221' title='bbox 69 2846 72 2851; x_wconf 24' lang='grc' dir='ltr'>Ι</span> <span class='ocrx_word' id='word_1_222' title='bbox 137 2770 223 2842; x_wconf 87' lang='lat' dir='ltr'>Quod</span> <span class='ocrx_word' id='word_1_223' title='bbox 245 2790 321 2826; x_wconf 86' lang='lat' dir='ltr'>nunc</span> <span class='ocrx_word' id='word_1_224' title='bbox 344 2770 380 2826; x_wconf 87' lang='lat' dir='ltr'>ad</span> <span class='ocrx_word' id='word_1_225' title='bbox 405 2773 524 2848; x_wconf 84' lang='lat' dir='ltr'>priorem</span> <span class='ocrx_word' id='word_1_226' title='bbox 555 2772 585 2823; x_wconf 91' lang='lat' dir='ltr'>in</span> <span class='ocrx_word' id='word_1_227' title='bbox 607 2768 723 2824; x_wconf 78' lang='lat' dir='ltr'>Catilina</span> <span class='ocrx_word' id='word_1_228' title='bbox 755 2768 848 2828; x_wconf 82' lang='lat' dir='ltr'>losum</span> <span class='ocrx_word' id='word_1_229' title='bbox 878 2773 986 2836; x_wconf 82' lang='lat' dir='ltr'>attinet,</span> 
     </span>
     <span class='ocr_line' id='line_1_30' title="bbox 101 2854 988 2933; baseline 0.001 -21"><span class='ocrx_word' id='word_1_230' title='bbox 101 2876 187 2932; x_wconf 78' lang='lat' dir='ltr'>saque</span> <span class='ocrx_word' id='word_1_231' title='bbox 206 2857 344 2933; x_wconf 87' lang='lat' dir='ltr'>probabile</span> <span class='ocrx_word' id='word_1_232' title='bbox 367 2874 421 2924; x_wconf 87' lang='lat' dir='ltr'>est,</span> <span class='ocrx_word' id='word_1_233' title='bbox 446 2878 510 2913; x_wconf 88' lang='lat' dir='ltr'>eum</span> <span class='ocrx_word' id='word_1_234' title='bbox 531 2857 674 2912; x_wconf 88' lang='lat' dir='ltr'>consilium</span> <span class='ocrx_word' id='word_1_235' title='bbox 699 2854 809 2931; x_wconf 89' lang='lat' dir='ltr'>quidem</span> <span class='ocrx_word' id='word_1_236' title='bbox 831 2857 988 2913; x_wconf 85' lang='lat' dir='ltr'>scribendae</span> 
     </span>
     <span class='ocr_line' id='line_1_31' title="bbox 53 2936 989 3021; baseline -0.003 -20"><span class='ocrx_word' id='word_1_237' title='bbox 53 3017 55 3021; x_wconf 16' lang='lat' dir='ltr'>v</span> <span class='ocrx_word' id='word_1_238' title='bbox 100 2936 229 3001; x_wconf 79' lang='lat' dir='ltr'>historiae</span> <span class='ocrx_word' id='word_1_239' title='bbox 250 2947 340 2999; x_wconf 88' lang='lat' dir='ltr'>statim</span> <span class='ocrx_word' id='word_1_240' title='bbox 361 2961 424 3019; x_wconf 89' lang='lat' dir='ltr'>post</span> <span class='ocrx_word' id='word_1_241' title='bbox 444 2947 599 3000; x_wconf 89' lang='lat' dir='ltr'>missionem</span> <span class='ocrx_word' id='word_1_242' title='bbox 621 2964 655 3000; x_wconf 84' lang='lat' dir='ltr'>ex</span> <span class='ocrx_word' id='word_1_243' title='bbox 671 2943 771 2999; x_wconf 85' lang='lat' dir='ltr'>Senatu</span> <span class='ocrx_word' id='word_1_244' title='bbox 791 2947 892 3019; x_wconf 88' lang='lat' dir='ltr'>cepisse</span> <span class='ocrx_word' id='word_1_245' title='bbox 907 2960 989 3017; x_wconf 84' lang='lat' dir='ltr'>atque</span> 
     </span>
     <span class='ocr_line' id='line_1_32' title="bbox 100 3030 989 3108; baseline -0.001 -22"><span class='ocrx_word' id='word_1_246' title='bbox 100 3034 227 3108; x_wconf 86' lang='lat' dir='ltr'>primaria</span> <span class='ocrx_word' id='word_1_247' title='bbox 241 3035 298 3086; x_wconf 89' lang='lat' dir='ltr'>eius</span> <span class='ocrx_word' id='word_1_248' title='bbox 317 3036 405 3108; x_wconf 87' lang='lat' dir='ltr'>capita</span> <span class='ocrx_word' id='word_1_249' title='bbox 426 3030 571 3097; x_wconf 86' lang='lat' dir='ltr'>ordinasse,</span> <span class='ocrx_word' id='word_1_250' title='bbox 592 3047 751 3086; x_wconf 88' lang='lat' dir='ltr'>reuocatum</span> <span class='ocrx_word' id='word_1_251' title='bbox 771 3048 864 3086; x_wconf 90' lang='lat' dir='ltr'>autem</span> <span class='ocrx_word' id='word_1_252' title='bbox 883 3050 899 3086; x_wconf 94' lang='lat' dir='ltr'>a</span> <span class='ocrx_word' id='word_1_253' title='bbox 917 3031 989 3085; x_wconf 82' lang='lat' dir='ltr'>lulio</span> 
     </span>
     <span class='ocr_line' id='line_1_33' title="bbox 102 3118 987 3193; baseline -0.002 -20"><span class='ocrx_word' id='word_1_254' title='bbox 102 3118 217 3174; x_wconf 74' lang='lat' dir='ltr'>Caesare</span> <span class='ocrx_word' id='word_1_255' title='bbox 234 3135 263 3174; x_wconf 87' lang='lat' dir='ltr'>et</span> <span class='ocrx_word' id='word_1_256' title='bbox 285 3120 424 3175; x_wconf 85' lang='lat' dir='ltr'>ambitiose</span> <span class='ocrx_word' id='word_1_257' title='bbox 448 3137 477 3175; x_wconf 88' lang='lat' dir='ltr'>se</span> <span class='ocrx_word' id='word_1_258' title='bbox 497 3121 619 3174; x_wconf 88' lang='lat' dir='ltr'>reuocari</span> <span class='ocrx_word' id='word_1_259' title='bbox 640 3136 768 3193; x_wconf 84' lang='lat' dir='ltr'>passum,</span> <span class='ocrx_word' id='word_1_260' title='bbox 782 3122 893 3173; x_wconf 90' lang='lat' dir='ltr'>iterum</span> <span class='ocrx_word' id='word_1_261' title='bbox 915 3118 987 3172; x_wconf 86' lang='lat' dir='ltr'>abie-</span> 
     </span>
     <span class='ocr_line' id='line_1_34' title="bbox 104 3203 987 3280; baseline -0.001 -19"><span class='ocrx_word' id='word_1_262' title='bbox 104 3207 179 3261; x_wconf 83' lang='lat' dir='ltr'>cisse.</span> <span class='ocrx_word' id='word_1_263' title='bbox 219 3206 259 3258; x_wconf 92' lang='lat' dir='ltr'>Vt</span> <span class='ocrx_word' id='word_1_264' title='bbox 274 3219 348 3272; x_wconf 88' lang='lat' dir='ltr'>tuuc,</span> <span class='ocrx_word' id='word_1_265' title='bbox 371 3224 436 3260; x_wconf 88' lang='lat' dir='ltr'>cum</span> <span class='ocrx_word' id='word_1_266' title='bbox 449 3222 607 3271; x_wconf 86' lang='lat' dir='ltr'>resumeret,</span> <span class='ocrx_word' id='word_1_267' title='bbox 630 3208 743 3259; x_wconf 89' lang='lat' dir='ltr'>omnino</span> <span class='ocrx_word' id='word_1_268' title='bbox 763 3203 851 3258; x_wconf 86' lang='lat' dir='ltr'>dioere</span> <span class='ocrx_word' id='word_1_269' title='bbox 871 3220 987 3280; x_wconf 85' lang='lat' dir='ltr'>poterat,</span> 
     </span>
    </p>
   </div>
   <div class='ocr_carea' id='block_1_5' title="bbox 64 3288 1083 3368">
    <p class='ocr_par' dir='ltr' id='par_1_5' title="bbox 64 3288 1083 3368">
     <span class='ocr_line' id='line_1_35' title="bbox 64 3288 1083 3368; baseline -0.004 -19"><span class='ocrx_word' id='word_1_270' title='bbox 64 3288 68 3299; x_wconf 36' lang='lat' dir='ltr'><em>s</em></span> <span class='ocrx_word' id='word_1_271' title='bbox 103 3291 300 3368; x_wconf 64' lang='lat' dir='ltr'>“regrediad</span> <span class='ocrx_word' id='word_1_272' title='bbox 313 3292 588 3368; x_wconf 78' lang='lat' dir='ltr'>inceptumttudium.</span> <span class='ocrx_word' id='word_1_273' title='bbox 621 3291 750 3348; x_wconf 83' lang='lat' dir='ltr'>Ceterum</span> <span class='ocrx_word' id='word_1_274' title='bbox 765 3292 908 3351; x_wconf 81' lang='lat' dir='ltr'>Catilinam</span> <span class='ocrx_word' id='word_1_275' title='bbox 920 3311 988 3365; x_wconf 87' lang='lat' dir='ltr'>quo·</span> <span class='ocrx_word' id='word_1_276' title='bbox 1080 3355 1083 3362; x_wconf 30' lang='grc' dir='ltr'>Ι</span> 
     </span>
    </p>
   </div>
   <div class='ocr_carea' id='block_1_6' title="bbox 46 3370 991 3631">
    <p class='ocr_par' dir='ltr' id='par_1_6' title="bbox 46 3370 988 3631">
     <span class='ocr_line' id='line_1_36' title="bbox 46 3370 988 3455; baseline 0 -21"><span class='ocrx_word' id='word_1_277' title='bbox 46 3430 49 3439; x_wconf 95' lang='grc'>,</span> <span class='ocrx_word' id='word_1_278' title='bbox 92 3380 158 3455; x_wconf 77' lang='lat' dir='ltr'>&#39;que</span> <span class='ocrx_word' id='word_1_279' title='bbox 178 3395 240 3453; x_wconf 89' lang='lat' dir='ltr'>post</span> <span class='ocrx_word' id='word_1_280' title='bbox 263 3396 380 3435; x_wconf 88' lang='lat' dir='ltr'>mortem</span> <span class='ocrx_word' id='word_1_281' title='bbox 400 3381 422 3433; x_wconf 90' lang='lat'>1.</span> <span class='ocrx_word' id='word_1_282' title='bbox 442 3378 560 3435; x_wconf 83' lang='lat' dir='ltr'>Caesaris</span> <span class='ocrx_word' id='word_1_283' title='bbox 582 3397 640 3433; x_wconf 90' lang='lat' dir='ltr'>non</span> <span class='ocrx_word' id='word_1_284' title='bbox 657 3394 713 3433; x_wconf 88' lang='lat' dir='ltr'>tam</span> <span class='ocrx_word' id='word_1_285' title='bbox 735 3370 882 3443; x_wconf 82' lang='lat' dir='ltr'>adfectum,</span> <span class='ocrx_word' id='word_1_286' title='bbox 906 3399 988 3452; x_wconf 87' lang='lat' dir='ltr'>quam</span> 
     </span>
     <span class='ocr_line' id='line_1_37' title="bbox 103 3464 989 3541; baseline -0.001 -19"><span class='ocrx_word' id='word_1_287' title='bbox 103 3467 261 3522; x_wconf 81' lang='lat' dir='ltr'>confectum</span> <span class='ocrx_word' id='word_1_288' title='bbox 282 3467 374 3533; x_wconf 79' lang='lat' dir='ltr'>fuisse,</span> <span class='ocrx_word' id='word_1_289' title='bbox 400 3470 519 3522; x_wconf 81' lang='lat' dir='ltr'>vincitur</span> <span class='ocrx_word' id='word_1_290' title='bbox 539 3469 621 3521; x_wconf 87' lang='lat' dir='ltr'>etiam</span> <span class='ocrx_word' id='word_1_291' title='bbox 640 3485 675 3519; x_wconf 84' lang='lat' dir='ltr'>ex</span> <span class='ocrx_word' id='word_1_292' title='bbox 694 3485 740 3529; x_wconf 90' lang='lat' dir='ltr'>eo,</span> <span class='ocrx_word' id='word_1_293' title='bbox 763 3464 837 3541; x_wconf 84' lang='lat' dir='ltr'>qnod</span> <span class='ocrx_word' id='word_1_294' title='bbox 860 3466 928 3521; x_wconf 87' lang='lat' dir='ltr'>clare</span> <span class='ocrx_word' id='word_1_295' title='bbox 949 3466 989 3521; x_wconf 88' lang='lat' dir='ltr'>di·</span> 
     </span>
     <span class='ocr_line' id='line_1_38' title="bbox 77 3551 991 3631; baseline 0.002 -22"><span class='ocrx_word' id='word_1_296' title='bbox 77 3551 81 3557; x_wconf 76' lang='grc'><strong>’</strong></span> <span class='ocrx_word' id='word_1_297' title='bbox 104 3556 158 3610; x_wconf 79' lang='lat' dir='ltr'>eit:</span> <span class='ocrx_word' id='word_1_298' title='bbox 184 3573 213 3608; x_wconf 83' lang='lat' dir='ltr'>re</span> <span class='ocrx_word' id='word_1_299' title='bbox 228 3558 389 3626; x_wconf 78' lang='lat' dir='ltr'>requieuim</span> <span class='ocrx_word' id='word_1_300' title='bbox 408 3562 445 3608; x_wconf 71' lang='lat' dir='ltr'>eit</span> <span class='ocrx_word' id='word_1_301' title='bbox 462 3555 562 3608; x_wconf 72' lang='lat' dir='ltr'>multa</span> <span class='ocrx_word' id='word_1_302' title='bbox 576 3555 693 3607; x_wconf 77' lang='lat' dir='ltr'>miseriis</span> <span class='ocrx_word' id='word_1_303' title='bbox 710 3553 921 3631; x_wconf 71' lang='lat' dir='ltr'>demisseque</span> <span class='ocrx_word' id='word_1_304' title='bbox 929 3553 991 3611; x_wconf 84' lang='lat' dir='ltr'>teli·</span> 
     </span>
    </p>
   </div>
   <div class='ocr_carea' id='block_1_7' title="bbox 103 3640 713 3720">
    <p class='ocr_par' dir='ltr' id='par_1_7' title="bbox 103 3640 713 3720">
     <span class='ocr_line' id='line_1_39' title="bbox 103 3640 713 3720; baseline 0.002 -23"><span class='ocrx_word' id='word_1_305' title='bbox 103 3660 191 3715; x_wconf 60' lang='lat' dir='ltr'>&#39;uam</span> <span class='ocrx_word' id='word_1_306' title='bbox 202 3656 321 3699; x_wconf 75' lang='lat' dir='ltr'>aewtsm</span> <span class='ocrx_word' id='word_1_307' title='bbox 335 3642 434 3720; x_wconf 79' lang='lat' dir='ltr'>procul</span> <span class='ocrx_word' id='word_1_308' title='bbox 443 3661 463 3698; x_wconf 83' lang='lat' dir='ltr'>a</span> <span class='ocrx_word' id='word_1_309' title='bbox 476 3640 613 3718; x_wconf 67' lang='lat' dir='ltr'>repudiabo</span> <span class='ocrx_word' id='word_1_310' title='bbox 627 3659 713 3716; x_wconf 69' lang='lat' dir='ltr'>agere</span> 
     </span>
    </p>
   </div>
   <div class='ocr_carea' id='block_1_8' title="bbox 0 0 1137 3998">
    <p class='ocr_par' dir='ltr' id='par_1_8' title="bbox 0 0 1137 3998">
     <span class='ocr_line' id='line_1_40' title="bbox 0 0 1137 3998; baseline 0 0"><span class='ocrx_word' id='word_1_311' title='bbox 0 0 1137 3998; x_wconf 95' lang='lat' dir='ltr'> </span> 
     </span>
    </p>
   </div>
  </div>
 </body>
</html>
