2258 3998
114 111 204 199 161,
284 158 293 171 .
337 70 348 141 ’-“
370 107 813 218 iuraarnnrnrio

52 329 55 337 ,
122 322 125 327 ,
161 340 165 351 .
195 289 226 349 p.
248 272 312 344 ¹⁰4·
336 265 410 325 Huc
429 265 538 325 consul
557 300 571 312 ·
588 299 601 312 -
619 301 633 312 ·
652 300 666 313 ·
685 269 882 326 munimento
903 264 971 326 fore
987 299 1002 311 -
1019 266 1073 326 Sic

117 367 282 428 constituta
302 383 375 422 cum
396 360 504 422 Cottio
530 361 663 422 lectione
691 365 796 422 omnia
821 362 930 442 plana:
963 365 1073 444 Impo-

116 459 392 542 snicpraesidium,
413 459 447 516 in
458 455 656 522 decernendo
667 461 772 541 prius,
787 457 939 518 tentandi
954 478 1072 529 caussa,
1107 477 1109 481 ·

115 579 160 625 ¹an
179 558 278 621 aditus
299 556 339 615 ad
360 552 513 635 oppidum
532 551 611 611 illud
631 569 765 633 pateret,
795 571 888 636 atque
909 569 1074 634 praeterea

119 656 291 721 existimans
310 651 529 731 possessionem
549 648 630 709 illius
649 650 758 730 oppidi
776 666 904 731 propter
923 651 1075 731 frequen·

118 752 194 810 tiam
214 749 442 830 negotiatorum
464 758 493 802 et
514 761 741 819 commeatum,
772 746 838 804 aliis
859 747 959 806 modis
979 748 1075 806 inua-

120 862 230 905 turum
252 844 425 901 exereitum
444 875 488 887 -
508 861 571 923 qua
598 843 769 920 posteriore
790 845 939 902 nimirum
960 843 1075 924 margi·

121 942 184 1000 nali
204 956 278 1000 nota
298 939 407 1020 aliquis
434 937 588 1018 explicare
616 935 715 998 voluit
739 936 846 998 vltima
865 923 989 1019 periodi
1006 959 1076 1022 rer·

122 1037 238 1098 bat-cf.
263 1050 333 1095 ante
354 1036 388 1092 in
406 1036 578 1111 Exarnine.
665 1053 688 1102 Ἴ·
898 1024 902 1031 ¹

114 1190 118 1201 ,
200 1156 232 1214 p.
252 1132 321 1195 105..
340 1153 366 1202 ρ.
390 1114 483 1189 XLV.
507 1150 588 1211 quae
601 1129 648 1209 'ab
668 1133 742 1212 imp.
764 1133 985 1212 potuerint-
1006 1152 1072 1213 vsq.

122 1233 164 1294 ad
182 1255 236 1292 -ι,
246 1230 370 1288 initium
392 1227 469 1287 fore.
514 1229 561 1287 Ita
574 1229 658 1308 apud
675 1231 823 1289 lhcr‘tum
842 1227 969 1288 Ciuilis:
991 1248 1076 1308 quae

116 1310 284 1408 ¹prouideri
305 1341 372 1384 astu
388 1325 475 1384 ducis
494 1327 676 1404 oportuerit,
697 1326 842 1412 prouisa:-
865 1323 991 1406 campos
1009 1344 1078 1384 ma·

125 1423 233 1483 dentes
252 1419 291 1499 (f.
315 1435 453 1500 patentes
464 1419 511 1479 ct.
521 1441 552 1499 p.
575 1419 639 1480 160.
662 1442 689 1480 c.
713 1420 789 1499 CI.)
810 1436 842 1480 et
860 1423 932 1501 ipsis
952 1441 1077 1503 gnaros,

123 1517 253 1599 paludes
273 1499 410 1579 hostilius
425 1517 529 1576 noxias
550 1551 563 1562 -
578 1549 591 1562 -
609 1551 620 1563 ·
639 1516 733 1589 illum·¹
749 1517 835 1577 diem
852 1532 906 1577 aut
926 1516 1080 1599 gloriosis·

125 1616 244 1674 simum.
259 1614 597 1692 ifloes,1¹‚1⁴3¹i⁰1il}⁸·..³.¹.1t
615 1615 857 1694 ignominiosum
876 1614 962 1692 apud
977 1628 1091 1692 poste·-

124 1731 174 1770 ros
195 1709 271 1769 fore.
294 1709 333 1765 H.
357 1710 396 1766 V.
419 1729 464 1787 17.
546 1701 701 1790 Longiore
716 1712 855 1770 oratione
873 1710 978 1768 Nicias
992 1710 1081 1790 apud

130 1802 354 1887 Thucydidem
379 1804 452 1864 VII.
484 1802 531 1870 62.
546 1869 549 1873 ,
565 1807 707 1884 exponit,
745 1825 826 1887 quae
849 1805 970 1886 proelio
1003 1826 1080 1865 cum

119 1920 268 1982 ¹successu
284 1899 429 1960 faciendo
438 1915 517 1973 ,ante
532 1903 696 1980 parauerit.
1104 1897 1115 1915 ¹

206 2019 237 2077 p.
263 1994 611 2076 107.108.e.XLVlI.
641 1997 701 2054 Vix
721 1997 809 2056 toties
831 1999 1000 2058 admonere
1025 1999 1082 2060 de·

120 2108 198 2154 ‚ceat
220 2091 372 2164 Lectores=
391 2093 431 2151 de
456 2091 627 2152 luminibus
652 2095 749 2174 quasi,
779 2095 892 2174 quibus
916 2095 1084 2154 illustrauit

128 2191 339 2249 narrationem
365 2210 454 2247 suam
476 2187 649 2260 Sallustius,
673 2188 763 2248 vt'in
788 2190 849 2250 hoc
868 2212 996 2273 quoque
1017 2207 1083 2253 toto

123 2289 230 2367 ¹capite
251 2302 282 2345 et
297 2287 385 2345 initio
408 2286 513 2366 capitis
527 2285 637 2343 XLIX.
663 2285 715 2345 vbi
739 2285 881 2365 profecto
901 2287 1009 2346 sedulo
1021 2308 1083 2347 ⁴ca·

132 2370 183 2450 vit‚
207 2402 264 2452 ne,
292 2382 456 2462 puluerem
477 2379 566 2439 illum
586 2396 735 2451 tractans,
764 2403 838 2442 eum
859 2383 957 2444 oculis
973 2386 1084 2452 Lecto·

131 2499 201 2536 rum
218 2480 416 2560 inspergeret.
818 2551 821 2555 ‚
939 2532 951 2553 s

210 2607 238 2619 -·
278 2607 306 2618 ··
346 2576 379 2632 in
398 2575 489 2632 armis
510 2574 615 2633 omnia
632 2574 706 2632 sita:
741 2573 780 2634 el.
805 2592 876 2637 ante
898 2578 989 2658 adp.
1013 2576 1081 2638 165.
1104 2597 1122 2618 ²

131 2667 204 2728 Alio
223 2689 314 2727 sensu
328 2666 410 2727 Galli
422 2670 506 2748 apud
517 2670 644 2728 Liuium
661 2668 701 2728 11.
717 2670 766 2731 56.
788 2673 958 2733 dicebant:⁴
972 2678 1083 2734 omnia

72 2818 75 2826 ,
130 2765 264 2836 fortium
280 2768 423 2822 virorum
442 2785 514 2830 esse.

211 2848 242 2938 p}
265 2881 328 2940 109.
353 2860 431 2918 nihil
445 2859 586 2942 languidi
604 2883 676 2943 neq.
694 2865 812 2923 remissi
827 2880 887 2945 pat.
912 2849 1086 2945 Sallustius

132 2954 206 3013 alibi
218 2976 248 3034 p.
269 2976 332 3013 122.
348 2956 426 3013 nihil
438 2957 587 3015 intactum
602 2980 706 3040 neque
718 2962 860 3040 quietum
872 2964 934 3040 pati
945 2985 964 3047 ;=
973 2985 1003 3041 p.
1016 2966 1081 3041 145.

108 3110 115 3121 ,
134 3049 211 3108 nihil
234 3053 319 3130 apud
335 3071 366 3111 se
379 3053 540 3109 remissum
559 3068 590 3112 et
602 3058 687 3134 apud
698 3055 765 3116 illos
783 3072 884 3115 tutum
901 3061 975 3136 pati.
994 3063 1035 3118 V
1032 3061 1083 3120 ell.

133 3145 174 3203 11.
197 3145 224 3205 6.
250 3145 529 3216 111111111111110111111,
554 3148 633 3208 nihil
655 3151 875 3231 tranquillum,
897 3154 976 3212 nihil
1000 3158 1089 3235 quie·

129 3256 200 3313 ,turn
221 3277 260 3285 -
284 3241 497 3324 relinquebat:
536 3245 652 3304 Liuius
673 3249 819 3322 XXXIX.
846 3269 870 3306 1.
896 3249 975 3307 nihil
998 3254 1090 3332 quie·

133 3352 200 3396 turn
223 3355 277 3398 aut
291 3360 436 3405 securum
459 3360 522 3417 esse
542 3343 664 3401 sineret.
718 3344 780 3403 Sed
802 3342 843 3402 cf.
867 3346 1024 3404 Iudicem.

214 3456 245 3514 p.
265 3456 329 3494 110.
357 3438 525 3517 Igiturpro
540 3453 627 3496 metu
649 3471 693 3485 -·
716 3472 730 3484 ·
750 3473 764 3484 -
787 3439 886 3501 bonos
904 3441 1086 3505 detractant.
1111 3513 1113 3522 y

67 3556 70 3565 ·
129 3526 251 3589 lterum
268 3546 301 3589 vt
322 3531 379 3590 tibi
394 3532 459 3610 ipse
476 3532 609 3590 videaris
629 3534 761 3593 militem
781 3535 950 3617 gloriosum
965 3520 1088 3599 audire.

114 3623 183 3689 Sed
203 3626 302 3687 etiarn
325 3631 486 3691 sententia
505 3630 591 3713 ipsa,
612 3632 663 3698 ¹vti
685 3651 705 3693 e
725 3651 763 3691 re
779 3647 855 3708 nata
867 3634 916 3691 'ita
936 3634 1097 3712 eieqanter
