2258 3998
313 104 811 178 rvcvuuutuvu
884 102 888 108 ·
996 108 1040 197 s7

84 269 248 354 potentia
261 261 394 343 Scauri,
421 262 517 353 quod·
534 267 563 329 is
580 281 705 333 auctor
723 282 760 333 ot
775 269 887 335 socius
905 265 1041 353 B'estis'o

84 368 282 447 ferebatur,
313 390 334 433 a
362 390 446 435 vero
471 368 633 459 bonoque
653 371 872 464 impediebat.
920 370 971 438 At
994 368 1039 435 C:

84 474 298 553 Memmius,
337 480 438 539 cuius
469 472 514 541 de
544 471 706 543 libertate
732 480 861 568 ingenii
891 493 928 544 et
956 473 1040 541 odio

85 582 267 670 potentiae
289 577 477 645 nobilitatis
504 602 608 669 supro
630 580 796 663 diximus,
823 587 920 649 'iuter
941 577 1041 647 dubi·

85 687 258 751 tationem
278 698 314 749 et
331 706 443 749 morus
465 683 604 765 senati,
630 685 851 754 concionibus
869 683 1041 778 populum

86 787 133 855 ed
152 786 396 857 vindicandum
415 787 570 870 hortari;
602 812 760 869 monere,
785 814 831 857 no
843 788 1042 880 rempubli-

84 916 177 971 cam,
207 915 252 957 ne
269 891 467 961 libertatem
486 919 585 962 suum
601 894 819 975 deserersut3
852 893 964 963 multa
985 916 1043 960 su·

84 996 217 1089 perba,
256 997 410 1063 crudelia
437 1000 591 1067 facinora
619 1000 810 1069 nubilitatis
835 997 1040 1096 ostender03

84 1124 230 1193 prorsus
254 1103 408 1169 intentus
432 1108 528 1169 omni
551 1103 657 1171 modo
679 1103 789 1196 plebis
814 1109 970 1171 animum
987 1125 1044 1169 ac·

84 1203 267 1273 cendebat
314 1206 382 1272 Sed
403 1215 570 1297 quoniam
589 1233 631 1277 ee
650 1225 858 1300 tempestate
881 1210 1043 1278 Memmii

77 1307 250 1379 ¹ftseuudia
269 1308 363 1377 clara
379 1311 583 1403 pollensque
601 1315 687 1393 iuit3
717 1313 841 1380 decere
860 1316 1042 1379 existumo·
1117 1352 1123 1365 ,

80 1416 135 1494 si,
163 1437 266 1481 vnum
287 1438 330 1481 ex
351 1430 424 1482 tam
448 1417 571 1485 multis
592 1426 786 1486 orationem
810 1415 1038 1507 perscribere:

85 1542 132 1589 ac
149 1523 392 1608 potissumum,
418 1545 506 1613 quae
533 1529 763 1603 inconcione
787 1537 867 1612 post
890 1519 1044 1589 reditum

47 1616 52 1621 ¹
86 1624 224 1695 Basse
247 1625 488 1695 huiuscemodi
514 1628 626 1700 verbis
651 1628 819 1696 disseruit.

383 1809 459 1877 oA
472 1812 513 1879 u
558 1768 749 1877 xxm

158 1944 278 2013 Multa
296 1949 523 2015 dehortantur
537 1975 561 2016 a
582 1952 690 2031 vobis,
723 1951 883 2040 Quirites,
912 1949 954 2011 ni
974 1963 1047 2011 stu·

88 2050 194 2117 elium
216 2054 422 2144 respublicae
444 2061 563 2121 omnia
584 2074 736 2146 superet.-
768 2078 845 2143 opes
858 2051 1041 2143 factionis,

89 2176 208 2223 vestra
220 2162 404 2248 patientia,
434 2164 490 2225 ius
505 2163 665 2237 nullum3
691 2184 734 2225 ac
753 2174 928 2239 maxume,
951 2155 1048 2248 quod

90 2267 314 2329 innocentiae
339 2267 422 2355 plus
441 2269 605 2354 periculi,
650 2288 760 2355 quam
785 2265 941 2343 honoris,
982 2281 1039 2329 est.

90 2367 193 2441 Nam
222 2370 287 2433 illa
316 2372 457 2461 quidem
483 2376 581 2461 piget
602 2373 728 2453 dicere,
769 2369 826 2435 lais
849 2372 957 2433 anesis
984 2388 1040 2433 xv.

90 2495 202 2565 quam
215 2474 362 2540 ludibrio
367 2476 512 2566 fueritis
524 2479 699 2567 superbiae
711 2498 920 2567 paucorum
938 2497 1045 2566 quam

81 2578 192 2670 foede
220 2602 396 2672 quamque
423 2586 530 2647 inuiti
555 2587 723 2671 perierint
755 2583 862 2647 vestri
892 2579 1044 2671 cifimu-

93 2706 166 2762 res5
193 2703 237 2750 vt
257 2687 354 2751 vobis
369 2691 508 2752 animus
531 2690 578 2751 ab
600 2692 748 2774 ignauia
771 2705 876 2778 atque
894 2685 1045 2751 secordia

93 2808 273 2879 conseptus
287 2794 352 2856 sit:
379 2797 443 2883 qui
458 2817 504 2857 ne
522 2816 617 2857 nunc
630 2793 780 2883 qui'riem,
805 2794 963 2859 obnoxiis
978 2794 1046 2856 ini·

92 2898 206 2975 micis,
231 2899 424 2982 exsurgitis,
451 2917 555 2988 acque
573 2902 679 2963 etiam
692 2922 787 2962 nssnc
803 2886 939 2978 umetis,
968 2899 1046 2988 qui-

85 3000 159 3067 -bus
175 3000 270 3065 decet
283 3007 402 3067 tersuri
419 3027 496 3068 esse.
546 3004 614 3069 Sed
630 3026 845 3094 quamquam
859 3004 943 3067 hacc
959 3004 1047 3067 talia

79 3122 197 3179 ,runci
219 3124 335 3171 tamen
360 3109 500 3173 obuiam
525 3114 575 3175 ire
587 3108 760 3198 factionis
775 3112 949 3197 potentiae
967 3110 1045 3170 oni·

95 3234 174 3277 mus
197 3214 334 3300 subigit.
363 3232 449 3279 certe
475 3237 536 3301 ego
563 3217 769 3293 libertatem,
798 3237 888 3302 quae
912 3211 1002 3275 mibi
1023 3233 1048 3274 a

90 3336 236 3407 parem
259 3319 389 3383 tradita
413 3339 472 3401 est,
503 3325 678 3410 experiar:
705 3343 828 3384 verum
845 3316 883 3381 id
897 3315 1045 3406 frustra,

93 3444 146 3507 ora
165 3424 303 3489 obrem
316 3424 468 3515 faciam,
498 3430 537 3489 in
553 3446 667 3491 vestra
689 3447 798 3487 manu
816 3425 932 3502 sicum,
963 3423 1048 3512 Qui·

95 3532 187 3597 rites.
256 3530 382 3620 Neque
406 3555 467 3618 ego
495 3532 622 3610 hortor,
662 3528 757 3619 qisod
778 3551 877 3618 saepe
904 3512 1049 3593 maiores

85 3636 204 3703 merui
213 3633 347 3724 secere,
387 3641 443 3703 vti
472 3656 593 3705 contro
621 3639 770 3701 irriserias
796 3638 925 3699 armati
950 3637 1044 3699 earu.
