2258 3998
110 108 236 201 se,
431 72 737 181 BELL'VM

109 263 221 373 qtttt
237 271 290 349 vi,
310 269 406 335 nihii
420 273 603 339 secessione
618 293 722 360 opus5
749 294 879 338 necesse
899 287 958 350 est,
987 291 1066 335 tuo·

110 376 388 462 met.ipsi.more
403 378 606 465 praecipites
627 394 718 441 eant
782 376 903 443 Occiso
931 376 1066 441 Tiberio

111 477 258 571 Gracco,
283 502 387 570 quern
404 498 548 570 regnum
559 502 686 574 parare
705 483 858 562 ei'ebont,
875 484 915 545 in
930 482 1066 572 plebem

110 582 309 650 Romanum
338 589 553 678 quaestiones
581 586 721 654 habitae
744 605 835 653 sunt.
905 588 994 653 Post
1023 586 1061 653 0.

17 732 19 736 »
112 689 242 754 Graeci
266 709 302 756 et
319 691 373 757 M.
401 693 527 759 Fututt
548 694 700 773 caedem,
729 697 811 759 item
836 693 940 757 muln
959 693 1069 756 uestri
1079 752 1082 758 .

109 795 243 859 ordinis
265 799 307 875 sin
331 818 464 865 carcere
489 803 605 865 necati
625 816 730 864 sunt:
757 801 935 889 utriusque
955 797 1067 862 cludis

103 894 183 963 ison
208 900 282 983 tex,
308 922 431 970 verum
455 904 573 969 lubido
595 909 714 970 eorum
729 902 847 990 finem
859 902 958 994 fecit.
1000 902 1069 967 Sed

110 1024 194 1069 rene
209 1008 327 1101 fuerit
351 1012 452 1094 regni
473 1013 634 1097 paratio,
662 1008 758 1097 plebi
785 1029 851 1071 sua
879 1013 1059 1072 restituere.

109 1112 286 1202 quidquid
306 1115 383 1177 sine
403 1117 576 1200 sunguine
602 1116 735 1178 ciuium
758 1113 881 1177 eleuet
902 1116 1069 1202 nequitur

110 1218 186 1280 iure
206 1215 348 1306 suctum
371 1222 424 1285 sic.
487 1219 722 1308 Superioribus
752 1220 857 1281 annis
885 1216 984 1281 taciti
1009 1221 1064 1280 in·

109 1319 364 1406 dzqrmbomini,
390 1327 565 1389 aerarium
584 1323 761 1411 expilari,
784 1344 878 1408 reges
900 1340 936 1387 et
953 1344 1065 1411 popu-

112 1427 163 1491 los
197 1429 319 1495 liberos
349 1431 488 1518 paucis.
508 1430 680 1495 nobilibus
715 1428 868 1515 vectigal
887 1428 1064 1516 pendere,-

106 1550 211 1619 penes
234 1534 367 1599 eosdem
389 1553 425 1600 et
442 1548 614 1599 summum
634 1535 797 1620 glorium,
824 1550 861 1598 et
880 1554 1067 1598 maxumas

111 1637 254 1705 diuitias
272 1663 358 1743 esse.-
385 1658 502 1705 mosen
520 1640 605 1705 liaeo
630 1638 719 1705 tulin
731 1638 902 1728 facinora
925 1642 1068 1726 impune

110 1748 301 1833 suscepisse,
333 1769 462 1835 purum
492 1746 647 1813 habuere.
681 1749 799 1837 itaque
823 1762 991 1834 postremo
1025 1745 1068 1807 le·

107 1870 183 1934 ges,
212 1854 371 1915 rnoiestus
397 1866 527 1931 vestra,
554 1844 680 1916 diuino
706 1868 740 1915 et
766 1851 923 1916 hesmona
946 1852 1070 1912 omnio.

107 1954 264 2019 -hostibus
288 1957 417 2022 traditu
440 1975 531 2023 sunt.
601 1957 728 2046 Neque
753 1978 823 2034 eos,
849 1957 915 2043 qui
935 1952 1063 2042 fecere,

108 2061 219 2148 pudet
237 2079 304 2127 out
318 2067 491 2152 poenitet:
515 2063 576 2127 sed
598 2051 765 2126 incedunt
785 2083 850 2151 per
867 2082 930 2124 oro
951 2077 1066 2123 vestro

111 2166 312 2254 magnifice,-
340 2170 533 2259 sacerdotia¹
547 2187 582 2234 et
603 2169 819 2245 consulante,
840 2186 924 2254 pars
944 2168 1066 2230 trium·

107 2272 196 2360 pisos
214 2296 294 2341 suos
313 2292 536 2341 ostentantes:
557 2273 700 2362 perinde
713 2275 818 2362 quasi
831 2272 966 2349 bonori,
992 2294 1066 2335 non

106 2379 259 2465 pruedne
285 2381 445 2455 babeant.
494 2381 595 2446 Serui
613 2403 691 2444 aere
705 2381 827 2469 paruti
845 2379 1066 2466 imperioin-

71 2478 74 2483 ’
111 2487 202 2548 iusta
230 2487 449 2552 dominontm
475 2508 548 2550 non
570 2483 768 2576 perferunts
795 2505 870 2562 vos,
901 2483 1062 2569 Quirites,

106 2594 253 2678 imperio
278 2595 370 2671 uun,
399 2613 510 2682 aequo
532 2595 651 2656 animo
670 2593 867 2677 seruitutem
888 2577 1067 2653 toleratis?

109 2693 251 2785 Atqui
274 2715 358 2763 sunt
382 2697 439 2776 bi,
471 2700 538 2787 qui
562 2698 806 2788 rempublicam
831 2689 1066 2782 occupauere?

104 2800 274 2882 bomines
290 2804 566 2882 scemenum,
609 2806 758 2869 cruentis
783 2800 960 2881 munibus,
999 2801 1065 2862 im-

110 2911 212 2972 muni
236 2913 402 2989 auaritia,
429 2913 683 2988 nocentissumi,
714 2907 871 2998 idemque
897 2905 1065 2994 superbis-

107 3017 202 3078 sumi
210 3039 224 3090 ‚·
252 3018 333 3106 quis
345 3014 449 3100 fides,
475 3015 587 3094 decus,
611 3018 733 3104 pietas,
753 3031 924 3103 postremo
942 3010 1064 3076 boues-

110 3138 148 3183 tu
171 3138 277 3212 atque
301 3119 631 3187 inhonestoomnio
653 3122 816 3211 quaestui
842 3134 933 3183 sunt.
974 3117 1066 3181 Pars

108 3250 228 3291 eorum
256 3226 417 3294 occidisse
447 3228 601 3293 tribunos
626 3226 757 3318 plebis3
802 3225 871 3290 aiii
898 3224 1066 3314 quaestio·

111 3354 171 3397 nes
207 3336 372 3412 iniustos,
408 3333 566 3424 plerique
595 3331 733 3399 caedem
766 3334 807 3395 in
838 3350 902 3395 vos
923 3325 1063 3418 feoine,

105 3461 170 3526 pro
192 3442 404 3503 munimento
425 3438 562 3506 babent.
610 3440 670 3504 Ito
689 3459 796 3528 quum
821 3437 968 3527 quisque
987 3456 1065 3522 pes·

109 3566 206 3606 suine
224 3544 330 3634 fecit,
374 3563 447 3610 tom
472 3566 637 3611 monente
659 3560 754 3609 tutus
778 3559 836 3608 est
881 3557 1010 3629 metum
1040 3561 1066 3602 o

109 3650 231 3718 scelere
258 3672 322 3715 suo
354 3651 404 3716 ad
436 3653 622 3739 ignauiam
655 3664 809 3719 umnam
840 3646 1063 3713 namnum.-
