2258 3998
304 54 803 186 1VGvuTH1NVM.
946 61 1074 197 '143'

69 263 311 357 patribusque,
338 283 525 356 postquam
546 266 681 334 inuidia
702 265 907 347 decesserat,
933 270 1029 337 iuxta

68 392 181 437 carus.
232 370 301 437 Sed
324 371 460 438 Marius
487 379 637 464 impigre
660 372 922 464 prudenterque
947 395 1027 457 suo,-

68 498 152 542 rum
175 491 212 545 et
239 474 393 542 hostium
422 499 478 543 res
502 485 635 569 pariter
661 476 869 557 adtendere;
903 500 1028 571 cogno·

66 603 165 647 scere
192 580 277 671 quid
300 580 383 649 boni
405 589 570 672 vtrisque,
598 599 657 648 aut
684 598 806 667 contra
832 598 939 663 esset3
968 606 1026 675 ea·

65 683 208 776 plorare
232 693 360 752 itinera
376 710 516 777 regum,
550 685 693 755 consilia
714 703 750 753 et
768 686 910 755 insidias
927 703 1025 759 ante.-
1062 714 1065 719 ’

66 797 203 857 venire:
252 790 342 856 nihil
368 791 462 884 apud
489 815 526 861 se
550 798 753 873 remissum,
786 815 902 883 neque
929 791 1024 884 apud

64 893 146 975 illos
159 911 277 963 tutum
291 904 374 987 pati.
424 899 546 988 Itaque
565 896 746 978 Gaetulos,
763 898 801 964 et
816 897 1023 988 Iugurtham

64 1025 108 1069 ex
123 1006 226 1068 sociis
244 1009 372 1068 nostris
391 1001 557 1093 praedam
578 1018 731 1092 agentes,
764 1025 867 1094 saepe
885 1003 1023 1097 adgres-

62 1130 122 1173 sus
156 1113 195 1172 in
216 1113 344 1175 itinere
369 1106 524 1188 fuderat,
560 1113 747 1200 ipsumque
777 1131 897 1199 regem
928 1104 1021 1199 haud

55 1208 255 1302 proculab
284 1212 415 1305 oppido
442 1214 539 1280 Cirta
564 1220 669 1293 ermis
696 1230 846 1280 exuerat.
920 1213 1021 1301 Quae

55 1333 249 1408 postquam
275 1317 426 1407 gloriosa
449 1317 576 1399 mode,
608 1341 723 1409 neque
747 1317 831 1384 belli
857 1316 1020 1410 patrandi

56 1429 246 1513 cognouit:
275 1429 399 1490 statuit
422 1420 525 1503 vrbis,
560 1446 649 1513 quae
666 1429 747 1490 viris
771 1441 833 1489 aut
851 1422 929 1489 loeo
952 1444 1019 1513 pro

57 1526 232 1606 hostibus,
257 1544 294 1595 et
310 1526 500 1596 aduersum
517 1550 553 1594 se
566 1533 890 1620 opportunissumae
905 1543 1015 1617 erant,

54 1630 214 1723 singulas
241 1639 507 1701 circumuenire.
549 1640 599 1701 ita
616 1634 821 1724 iugurtham
842 1648 902 1699 aut
920 1653 1018 1724 prae-

57 1736 158 1819 aidiis¹
181 1737 364 1820 nudatum,
388 1746 419 1806 si
436 1763 477 1806 ea
496 1756 688 1831 pateretur,
712 1755 773 1807 aut
789 1737 922 1830 praelio
942 1718 1017 1833 cer}

58 1858 229 1909 tatarum.
278 1845 372 1911 Nam
391 1846 549 1912 Bocchus
569 1851 716 1912 nuncios
740 1844 783 1911 ad
810 1867 891 1910 eum
914 1866 1017 1933 saepe

57 1954 215 2017 miserat:
241 1953 331 2015 velle
339 1954 464 2042 populi
475 1952 629 2019 Rotnani
640 1955 831 2017 amicitiam
837 1977 851 2028 ;
869 1975 912 2043 ne
929 1949 1019 2043 quid

57 2054 155 2119 obse
168 2055 290 2121 hostile
308 2061 446 2122 timeret.
497 2057 536 2122 ld
553 2055 831 2139 simulaueritne‚
862 2079 930 2145 quo
947 2061 1015 2139 im7

55 2165 223 2249 prouisus
248 2167 387 2249 grauius
414 2161 605 2242 accideret,
632 2186 677 2227 an
702 2161 895 2226 mobilitate
917 2166 1015 2249 inge÷

54 2268 110 2329 nii
136 2288 260 2355 pacem
281 2282 387 2358 atquo
413 2265 547 2334 bellum
568 2281 707 2335 mutare
725 2263 860 2346 solitus,
886 2286 1014 2356 parum

54 2367 289 2462 exploratum.

325 2536 468 2603 ‚CAR
509 2535 725 2605 LXXXV.

122 2690 195 2759 Sed
218 2691 366 2775 Consul,
386 2698 435 2760 vti
450 2709 631 2772 statuerat,
657 2691 785 2783 oppida
804 2686 1013 2781 castellaque

51 2800 195 2864 munita
222 2797 337 2877 adiret
368 2805 498 2888 partim
522 2805 568 2878 vi,
595 2796 662 2865 alia
690 2815 800 2878 metu,
828 2814 890 2862 eut
914 2818 1013 2887 prae·

52 2908 128 2969 mie
148 2903 354 2968 ostentando
375 2920 535 2972 auertere
553 2904 595 2970 ab
614 2904 778 2970 hostibus.
829 2903 882 2968 Ac
895 2909 1012 2993 primo

49 3007 249 3075 mediocria
279 3006 444 3098 gerebat,
477 3017 704 3089 existumans,
733 3007 937 3099 Iugurtham
966 3004 1012 3071 ob

51 3130 135 3179 suos
151 3112 312 3179 tutandos
332 3120 370 3179 in
386 3138 510 3180 manus
529 3132 726 3183 venturum.
777 3112 846 3179 Sed
862 3112 917 3177 vbi
931 3134 1012 3200 pro-

46 3216 114 3291 ,eul
144 3217 279 3298 abesse,
310 3234 349 3284 et
373 3217 449 3284 eliis
477 3227 628 3313 negotiis
655 3226 831 3285 intentum
855 3221 1007 3304 aceepitx
1042 3294 1048 3303 ι

51 3330 189 3391 maiora
214 3342 250 3392 et
277 3347 398 3413 aspera
420 3324 564 3415 adgredi
591 3343 727 3414 ternpus
754 3330 877 3391 visum.
927 3320 1013 3385 Erat

50 3436 151 3498 iuter
176 3437 327 3519 ingentis
355 3428 559 3497 solitudines
584 3429 755 3523 oppidum
774 3448 943 3516 magnum
966 3420 1012 3491 et·

52 3556 126 3625 que
141 3531 270 3614 valens,
300 3541 445 3601 nomine
470 3537 598 3627 Capsa3
630 3542 728 3601 cuius
744 3532 905 3601 conditor
920 3530 1012 3599 Her·

51 3635 151 3709 aulos
169 3636 279 3731 Libys
297 3639 566 3713 memorabatur.
615 3640 699 3713 Eius
720 3645 814 3709 ciues
834 3636 929 3732 apud
953 3637 1011 3733 Iu·
1099 3744 1101 3748 ὗ
