2258 3998
287 110 854 223 1vanTu1NvM4
974 116 1015 187 81

381 267 517 336 aAP.
544 266 691 334 ,Χ-ῙΧ.

125 374 294 469 Iugurtha
317 372 375 443 vbi
395 397 452 440 eos
474 365 594 441 Africa
618 371 805 444 decessisse
831 394 926 446 ratus
950 396 1014 461 est,
1080 441 1085 449 .

52 502 175 577 neque
207 497 354 573 propter
380 478 450 546 loci
477 493 640 547 naturam
656 479 802 547 Cirtam
829 490 933 551 armis
960 510 1019 552 ex·

54 610 218 686 pugnare
249 602 380 676 potest3
415 583 505 651 vallo
535 601 642 675 atque
668 585 758 652 fossa
786 598 1019 659 moeniwcir·

57 696 216 771 cumdat‚
237 699 343 765 turris
361 697 519 769 exstruit,
545 713 669 781 easque
682 694 864 781 praesidiis
881 694 1014 765 firmat:

56 816 242 895 praeterea
268 797 357 878 dies,
394 812 514 861 noctes
545 811 606 861 aut
632 819 698 886 per
720 805 810 893 prim,
842 816 904 868 aut
928 801 1020 870 dolis

59 924 212 985 tentare,
245 901 483 969 defensoribus
506 908 687 966 moenium
712 912 869 992 praemia
897 907 1017 988 modo,

56 1011 169 1083 modo
195 1007 419 1075 formidinem
448 1021 636 1085 ostentare,
668 1031 746 1074 suos
777 1010 951 1078 hortando
975 1013 1021 1081 ad

57 1125 232 1186 virtutem
260 1120 416 1203 erigere:
445 1135 587 1202 prorsus
604 1118 761 1180 intentus
777 1132 903 1183 cuncta
920 1141 1021 1209 para-

59 1247 111 1291 re.
162 1218 341 1287 Adherbal
369 1218 425 1286 vbi
446 1216 631 1307 intellegit,
665 1225 778 1287 omnis
808 1243 887 1288 suas
907 1223 1022 1290 fortu-

59 1350 125 1396 nas
140 1310 194 1391 'in
222 1342 377 1391 extremo
403 1330 505 1402 sitas,
534 1323 673 1389 hostem
691 1325 870 1407 infestum,
899 1327 1021 1395 auxilii

60 1456 164 1526 spem
183 1430 329 1510 nullam,
359 1434 507 1519 penuria
524 1450 645 1493 rerum
662 1437 934 1499 necessariarum
954 1433 1023 1501 bel·

61 1538 141 1607 lum
164 1537 256 1617 trahi
284 1557 356 1600 nou
377 1555 498 1624 posse3
540 1555 580 1599 ex
608 1532 679 1611 his,
709 1541 770 1624 qui
795 1558 861 1602 vna
889 1540 1023 1609 Cirtam
1052 1618 1056 1625 ¹

60 1642 303 1738 profugerant,
333 1639 404 1705 duo
422 1660 584 1705 maxume
601 1643 769 1729 impigros
792 1639 935 1732 delegit,
962 1667 1023 1719 eos

61 1748 177 1820 multa
211 1745 429 1838 pollicenda,
463 1768 503 1811 ac
535 1744 735 1812 miserando
767 1768 887 1815 casum
917 1772 1023 1816 suurn

61 1854 270 1932 confirmat,
308 1858 359 1919 vti
392 1872 456 1940 per
480 1850 636 1916 hostium
666 1856 880 1919 munitiones
913 1870 1022 1921 noctu

62 1962 109 2030 ad
137 1980 350 2052 proxumum
375 1978 490 2035 mare,
522 1955 604 2021 dein
628 1957 777 2023 Romam
798 1976 994 2050 pergerent.

414 2130 545 2203 CAP.
581 2130 677 2197 XX.

133 2273 309 2346 Numidae
336 2279 454 2363 paucis
480 2258 602 2337 dicbus
628 2277 720 2338 iussa
745 2271 921 2341 efficiuntt
964 2275 1022 2343 lit·

64 2401 164 2455 tasse
194 2377 398 2449 Adherbalis
428 2384 466 2444 iu
495 2393 618 2469 senatu
647 2385 832 2461 recitatae,
873 2402 1022 2472 quarum

64 2494 242 2559 sententia
270 2486 356 2550 haec
384 2483 463 2548 fuit.

71 2593 78 2609 '⁴
133 2596 221 2662 Non
248 2615 325 2656 maa
349 2593 451 2681 calpa
474 2613 573 2680 saepe
594 2589 645 2657 ad
664 2613 729 2657 aas
751 2610 888 2659 oratum
911 2598 1020 2677 mitta,

66 2704 192 2773 Patres
223 2699 421 2785 conscripti,
467 2696 527 2759 sed
563 2698 619 2758 vr's
650 2697 844 2781 Iugurthae
874 2703 1022 2788 subigit,·

66 2829 172 2901 quem
196 2821 297 2867 tanta
322 2799 439 2866 lubido
456 2801 701 2886 exsangueudi
719 2825 773 2867 me
795 2806 938 2886 z‘nuasit,
969 2809 1026 2872 vti

68 2934 182 3002 neque
206 2932 280 2988 vos,
310 2929 420 2998 neque
438 2907 517 2970 deos
535 2907 740 2969 immortalis
764 2910 803 2970 iu
820 2915 939 2976 auimo
959 2914 1023 2976 ta-

27 2996 41 3019 ’
69 3019 166 3085 beat:
195 3017 403 3101 sanguinem
428 3032 559 3090 meum,
599 3016 866 3100 quamlomnia,
908 3018 1017 3081 malit.

68 3125 197 3214 Itaque
220 3100 384 3209 quintum
411 3119 483 3180 ram
515 3138 664 3181 mensem
691 3120 803 3182 sacius
831 3136 865 3185 et
892 3124 1025 3194 amicus

65 3225 192 3321 populi
222 3224 377 3290 Romani
408 3224 516 3309 anuis
550 3220 698 3295 obsessus
735 3238 873 3302 teneam
914 3248 1026 3315 neque

41 3392 46 3409 ,
71 3334 162 3415 nubi
178 3331 350 3418 Micipsae
368 3330 481 3416 patris
503 3326 677 3414 benficia,
702 3350 813 3416 neque
831 3346 945 3392 vestra
967 3330 1025 3396 de·

71 3458 164 3509 creta
179 3437 411 3501 auxiliantur.
422 3430 534 3521 ferra,
552 3454 603 3496 an
610 3432 713 3522 fame
729 3435 845 3496 acrius
861 3454 1022 3518 urgueat,

72 3550 331 3611 intercessum.
380 3538 494 3605 Plura
519 3538 563 3602 de
587 3538 761 3626 Iugurtha
786 3537 938 3617 scribere,
968 3538 1025 3605 de·

73 3651 232 3725 torum
239 3644 393 3736 firmas
407 3666 505 3711 mea:
519 3647 635 3712 saara
647 3658 753 3711 antea
765 3658 923 3734 superuis
937 3665 1039 3736 sum,
