2258 3998
182 153 189 161 ·
291 50 831 183 caTitINAntA.
995 111 1040 179 23

83 277 176 336 'tanti
207 268 297 339 nihil
331 268 511 360 procedit,
550 288 668 335 rursus
698 252 909 358 intempesta
935 282 1039 334 nocte

85 381 339 442 coniurationis
354 382 531 465 principes
549 392 720 441 conuocat
733 398 797 465 per
810 376 860 440 M.
877 372 1041 441 Porcium

86 482 253 547 Laecam:
289 481 408 571 ibique
433 479 545 547 multa
567 479 611 544 de
632 486 772 570 ignauia
793 503 914 545 eorum
931 502 1040 571 ‘ques-

86 606 155 666 tus,
180 587 298 652 docet:
325 609 360 651 se
376 589 557 651 Manlium
566 591 780 676 praemisisse
791 583 842 650 'ad
859 610 936 650 eam
955 587 1041 650 mub

86 695 287 771 titudinem,
316 716 424 782 quom
445 693 494 757 ad
513 694 687 782 capiunda
711 711 811 756 arma
827 709 1018 782 parauerat
1025 715 1039 771 ,·

49 834 52 839 ·
77 804 169 863 'item
193 799 282 862 alios
307 802 344 860 in
370 799 445 861 aliu
476 799 551 862 loca
575 815 782 889 opportuna,
812 801 877 887 qui
900 799 1042 861 initium

79 904 171 967 -belli
183 903 368 992 socerorum
402 926 504 993 seque
521 905 571 968 ad
593 908 781 968 exercitum
801 901 974 991 proficisci
988 924 1042 966 cu·

82 1024 178 1098 pere,
202 1011 235 1071 si
255 1009 355 1097 prius
377 1009 573 1074 Ciceronem
596 1013 816 1100 oppressisset.
865 1031 944 1074 eum
969 1009 1042 1070 titis
1107 1092 1117 1105 ·

86 1114 243 1178 consiliis
268 1113 416 1177 multum
443 1112 590 1200 adficere.

221 1262 225 1267 ’
324 1266 347 1317 ’·
402 1288 534 1356 car.
560 1289 725 1357 irrita

81 1422 103 1474 Γ
154 1429 266 1516 Igitur
284 1432 481 1516 perterritis
508 1450 548 1492 ac
573 1426 812 1493 dubitantibus
836 1430 970 1503 ceteris,
998 1424 1036 1492 C.

88 1530 284 1608 Cornelius,
314 1553 419 1619 eques
441 1532 630 1610 Romanus,
658 1554 801 1621 operam
818 1552 924 1596 suam
938 1528 1042 1619 pullu

89 1645 191 1715 citus,
225 1653 362 1700 etcum
388 1658 431 1700 eo
451 1636 489 1700 L.
516 1636 753 1729 Vargunteius
772 1637 930 1713 Senator,
958 1657 1042 1717 con·

88 1748 234 1807 stituere
259 1763 299 1805 ea
324 1756 426 1805 nocte
449 1738 569 1830 paullo
596 1743 676 1831 post
705 1766 786 1808 cum
814 1746 952 1805 armatis
979 1740 1041 1804 ho·

61 1846 261 1924 ·-tninib'us,‚
278 1853 381 1912 sicuti
396 1843 584 1912 salutatum
600 1854 749 1914 introire
763 1847 805 1912 ad
821 1847 1039 1924 Ciceronem,

89 1975 130 2018 ac
147 1951 190 2017 de
213 1956 407 2041 improuiso
425 1950 521 2018 domi
544 1977 626 2019 suae
648 1961 860 2044 imparatum
883 1949 1042 2018 confode-

89 2082 138 2123 re.
173 2057 327 2123 -Curius
345 2055 418 2122 ‘rbi
450 2056 641 2148 intellegit,
683 2076 856 2148 quantum
892 2053 1041 2147 periculi

88 2161 235 2232 Contuli
259 2162 480 2253 impendeat,
521 2186 670 2252 propere
699 2188 764 2253 per
791 2162 951 2230 Fuluiam
979 2161 1041 2227 do-

91 2268 183 2348 lum,
215 2273 277 2358 qui
300 2266 504 2358 parabatur,
534 2275 707 2335 enunciat.
780 2270 829 2334 lta
859 2266 913 2332 illi
938 2273 1042 2332 ianua
1072 2304 1079 2319 ·

90 2366 277 2465 prohibiti,
314 2388 452 2439 tantum
479 2375 613 2439 l'acinus
643 2374 772 2439 frustra
803 2388 1035 2461 susceperant.

91 2482 226 2546 Interea
259 2477 411 2544 Manlius
442 2488 478 2544 in
506 2483 645 2546 Etruria
670 2478 810 2571 plebem
839 2476 1038 2554 sollicitare,

89 2582 242 2674 egestate
272 2583 388 2660 simul,
413 2607 452 2648 ac
477 2586 595 2650 dolore
615 2592 763 2651 iniuriae
788 2607 962 2650 nouarum
987 2606 1040 2647 re·

60 2716 63 2721 ·
90 2714 172 2756 rum
188 2680 370 2779 cupidam:
403 2689 508 2781 quod,
529 2688 644 2755 Sullae
667 2690 919 2768 dominatione,
942 2711 1040 2778 agros

73 2795 250 2884 bonaque
271 2802 389 2860 omnia
405 2802 568 2862 amiserat
575 2821 585 2875 3
615 2813 793 2886 praeterea
812 2795 963 2860 latrones
981 2817 1040 2858 cu·
1109 2794 1112 2799 ’

91 2907 215 2990 iusque
237 2892 395 2989 generis,
436 2925 588 2992 quorum
614 2908 652 2968 in
682 2926 722 2968 ea
749 2909 890 2990 regione
916 2920 1041 2989 magna

89 3014 192 3096 copia
217 3021 293 3070 erat
302 3031 311 3084 3
338 3006 524 3072 nonnullos
551 3031 591 3072 ex
614 2992 764 3074 sullaiis
791 3005 935 3084 colonis,
964 3010 1041 3094 qui-

79 3110 156 3175 ==biis
173 3108 294 3177 lubido
311 3127 415 3201 atque
437 3111 570 3178 luxuria
588 3134 628 3178 ex
649 3108 783 3202 magnis
803 3118 933 3202 rapinis
952 3106 1041 3175 nihil

90 3216 219 3308 reliqui
243 3216 407 3283 fecerant.
1111 3196 1118 3213 ⁸

367 3396 540 3477 ,CAR
581 3397 723 3465 XXV.

86 3536 91 3545 ’
157 3532 207 3598 Ea
221 3530 302 3601 cum
319 3536 480 3609 Ciceroni
495 3544 764 3612 nunciarentur3
789 3537 934 3623 ancipiti
949 3530 1041 3596 malo

88 3648 284 3730 permotus,
296 3642 403 3733 'quod
418 3666 532 3734 neque
549 3643 669 3712 vrbem
687 3640 729 3709 ab
748 3639 881 3706 insidiis
901 3645 1046 3728 priuato
