2258 3998
290 106 790 181 IVG.VRTH1NVM
959 118 1016 187 idi

59 275 100 341 in
127 267 304 338 eoslecos
327 271 480 345 venisse;
509 259 669 333 ceterum
691 274 800 335 situm
823 277 916 340 inter
935 273 1020 343 duas

58 377 186 468 Syrtis,
213 370 338 464 quibus
360 394 491 438 nomen
512 393 553 436 ex
570 394 608 436 re
624 371 787 440 inditum.
835 377 928 446 Nam
949 380 1021 448 duo

58 497 146 551 sunt
175 487 272 546 sinus
306 499 418 567 prope
448 483 486 542 in
512 493 667 542 extrema
694 477 829 561 Africa,
870 487 1020 574 impares

60 582 327 677 magnitudine,
360 587 443 672 pari
474 598 621 663 natura3
665 606 816 671 quorum
850 612 1023 677 proxuma

63 710 179 760 terrae
194 687 351 780 praealta
372 703 464 753 sunt.
500 703 629 766 cetera,
655 695 705 753 vti
724 687 794 754 fors
817 691 910 773 tulit,
933 695 1021 778 alta3

62 797 164 867 alia'
153 819 193 861 ιιι
217 807 424 884 tempestate
449 791 583 859 vadosa
631 792 725 859 Nam
750 793 807 860 vbi
832 821 932 865 mare
950 826 1023 867 ma-

62 925 175 996 gnum
209 922 300 983 esse,
344 912 380 964 et
413 903 549 963 saeuire
582 903 694 964 ventis
725 908 862 988 coepit,
900 904 1024 973 limum

63 1027 278 1097 arenamque
300 1019 336 1071 et
359 1025 437 1071 saxa
457 1005 629 1090 ingentia
638 984 763 1087 flnctus
783 1007 949 1080 trahunt:
977 1017 1025 1079 ita

64 1114 173 1181 facies
189 1109 351 1176 locorum
371 1130 453 1175 cum
470 1109 581 1172 ventis
603 1105 710 1172 simui
730 1126 897 1184 mutatur.
941 1116 1024 1183 Eius

62 1219 221 1287 ciuitatis
253 1190 374 1303 lingua
404 1210 512 1299 modo
542 1198 712 1279 conuersa
745 1219 921 1285 connubio
949 1221 1025 1289 Nu·
1096 1263 1099 1268 ·

66 1312 422 1409 midarum31'lessgum‚
453 1306 639 1408 cultusque
659 1317 827 1417 pleraque
847 1325 1020 1396 Sidonica.

38 1414 159 1520 v'quae
181 1449 224 1493 eo
242 1421 377 1490 facilius
396 1420 607 1503 retinebant,
628 1423 731 1514 ¹quod
755 1429 880 1514 procul
905 1431 947 1496 ab
965 1441 1026 1501 im·

67 1535 169 1625 perio
193 1535 286 1618 regis
307 1542 459 1619 aetatem
479 1524 636 1614 agebant.
685 1529 782 1593 Inter
804 1529 883 1599 illos
909 1552 945 1602 et
963 1538 1027 1607 fre·

66 1651 241 1730 quentem
263 1630 471 1721 Numidiam
496 1628 602 1696 multi
629 1636 783 1724 vastique
814 1633 884 1704 loci
913 1660 1021 1721 erant,

384 1810 460 1879 cA
473 1810 515 1874 P.
545 1802 723 1895 ,aaran

140 1951 209 2021 Sed
229 1957 392 2042 quoniam
418 1954 454 2015 in
481 1950 541 2015 has
569 1958 727 2041 regiones
750 1976 814 2042 per
840 1956 1027 2048 Lepitano-

70 2082 155 2128 rum
181 2061 321 2148 negotia
349 2061 528 2123 venimus:
577 2079 649 2121 nnn
681 2059 864 2149 indignum
891 2066 1030 2134 videtur

73 2167 253 2255 egregium
281 2177 385 2251 atque
414 2158 574 2225 mirabile
607 2161 739 2226 facinus
769 2165 920 2235 duorum
948 2174 1030 2239 Car-

36 2293 38 2298 ·
73 2271 346 2359 thaginiensiurn
375 2288 580 2332 memorare.
624 2288 701 2331 eam
734 2289 811 2332 rem
844 2268 939 2338 locus
971 2274 1030 2341 ad-

64 2377 225 2451 monuit.
289 2374 367 2460 Qua
395 2387 603 2461 tempestate
632 2371 932 2462 Carthaginienses
962 2378 1032 2469 ple·

75 2501 205 2569 raeque
230 2476 370 2543 Africae
396 2472 665 2567 imperitabant,
705 2479 915 2568 Cyrenenses
944 2509 1033 2575 ¹quo-

74 2609 147 2678 qne
171 2590 289 2674 magni
311 2600 416 2673 atque
442 2581 600 2672 opulenti
624 2582 733 2648 fuere
782 2585 911 2674 Ager
901 2610 938 2653 ιιι
960 2614 1033 2658 me-

76 2690 139 2757 dio
159 2711 334 2767 arenosus,
365 2712 431 2753 vna
451 2692 582 2778 specie3
611 2711 725 2778 neque
746 2687 890 2771 flumen,
917 2718 1034 2787 neque

77 2818 179 2863 mons
210 2809 299 2874 erat,
332 2800 393 2883 qui
424 2790 503 2857 finis
532 2814 654 2857 eorum
682 2791 911 2862 discerneret:
945 2824 1034 2890 quae

78 2925 134 2968 res
163 2922 222 2966 eos
249 2905 287 2964 in
320 2920 446 2988 magno
475 2894 643 2962 diuturno
673 2897 765 2965 bello
792 2904 884 2968 inter
915 2928 952 2969 se
980 2906 1057 2971 he·

79 3007 169 3075 buit.
218 3005 405 3092 Postquam
423 3006 596 3092 Vtrimque
615 2998 779 3091 legiones,
805 3011 891 3072 item
913 3008 1035 3076 classes

78 3111 178 3178 fusae
204 3108 431 3199 fugataeque,
471 3122 508 3173 et
539 3105 641 3173 alteri
668 3106 792 3176 alteros
819 3111 1036 3202 aliquantum

79 3216 313 3282 adtriuerant:
351 3216 470 3291 veriti,
498 3234 542 3276 ne
573 3235 654 3279 mox
680 3218 787 3281 victos
819 3225 1037 3309 victoresque

78 3318 232 3412 defessoq
257 3317 344 3385 alius
371 3315 636 3406 adgrederetur,
666 3342 731 3408 per
751 3319 905 3384 inducias
931 3347 1037 3412 spon.

80 3430 218 3494 sionem
244 3417 388 3501 faciunt,
412 3427 467 3487 vti
489 3442 576 3489 certo
600 3424 657 3488 die
683 3425 790 3510 legati
809 3426 909 3490 donec
929 3430 1037 3518 profi-

82 3537 307 3605 ciscerentnm
334 3552 403 3619 quo
428 3532 468 3591 in
492 3530 565 3594 loco
590 3532 681 3593 incer
700 3551 736 3592 se
760 3530 856 3594 obuii
868 3531 1034 3621 ficissent,

82 3642 114 3704 is
138 3637 334 3711 communis
365 3637 544 3723 veriusque
568 3633 694 3723 populi
716 3631 811 3721 finis
843 3637 1037 3710 haberetur.

590 3738 653 3810 12
