2258 3998
88 96 366 180 LOCORVM
386 106 835 215 SENTENJTIARVM
856 132 928 178 arc.
953 111 1021 183 abe

33 262 48 280 ‘
67 268 174 329 multis
190 301 229 316 -
247 281 307 329 etc.
350 263 398 325 Ita
417 263 724 345 verbumsffeea,
759 264 879 335 iuhoe-
892 288 1018 351 genere,

68 386 144 427 eum
163 378 338 447 parentum
358 364 637 443 coniunctum-‚per
648 380 690 429 ‚te
709 362 880 427 admonere
901 366 1024 431 debuine

67 478 114 523 set
134 464 327 540 interpretes,
346 473 479 519 matrem
505 456 740 549 intelligendam
755 478 836 541 esse-3
870 465 1023 543 quoniam

65 578 232 639 nunquam
252 559 287 615 in
306 555 444 615 maribus
458 542 607 634 ponitur,
631 574 755 635 semper
775 556 818 617 de
835 556 1020 621 mulieribus

65 654 244 722 adhibetur,
269 666 303 711 vt
325 649 455 730 simplex
470 653 582 729 foeta,
602 653 824 733 .contrarium,
836 654 1015 732 foecunda.

22 770 26 779 ’
64 750 192 810 Deinde
214 746 529 828 rempublicam·,cmn
544 748 698 815 eiusmodi
711 763 811 817 matre
825 755 1017 831 ‚pomparum

65 867 150 928 quae
172 844 273 924 nullos
286 902 290 909 ,
304 842 436 923 amphus
459 842 684 911 foetusedere.
703 859 820 923 potest,
856 848 1019 926 quomedo
1058 837 1062 844 ¹

64 962 131 1003 non
149 961 249 1021 aeque
272 938 431 1023 eleganter
451 938 559 1009 floreus
575 958 613 999 ac
631 938 796 1009 si,‚Plinius
816 962 888 1021 epp,
902 942 944 1002 v,
969 965 1014 1025 ¹7·
1036 1008 1041 1019 ,

36 1074 39 1083 .
63 1036 207 1098 ,θρηὴῃη
231 1057 321 1104 suum
343 1050 444 1115 optat,
468 1054 509 1093 ne
532 1036 572 1093 sit
581 1033 696 1093 ··sterile
715 1051 747 1095 et
768 1040 1018 1114 effoetum-viris

62 1135 205 1215 egregiis.
263 1132 368 1213 Atque
390 1135 459 1199 eni·
476 1130 562 1211 apud
582 1130 792 1211 huncipsmn
814 1132 869 1191 Vl.
891 1154 938 1193 at.
962 1133 1017 1199 hs·

62 1228 120 1288 bes
133 1230 397 1308 comparationem
413 1227 520 1307 quoad
539 1246 692 1286 summam
705 1230 751 1287 rei
763 1228 906 1299 eandem,
929 1230 1016 1310 quasi

61 1324 151 1385 hunc
170 1323 303 1384 Sallustii
324 1324 431 1383 locum
453 1326 495 1383 in'
509 1336 615 1383 mente
636 1322 807 1395 hausisset:
832 1345 897 1389 non
916 1325 1016 1406 despi-

61 1423 125 1489 cio,
142 1422 255 1500 inquit,
272 1435 450 1500 temporum
460 1433 637 1491 nostrorum
651 1420 793 1500 ingenim
811 1424 1015 1501 nequeenim
1107 1474 1112 1493 ,

60 1519 161 1599 quasi
182 1517 268 1575 lassa
303 1531 337 1574 et
360 1517 480 1595 effoeta
517 1527 639 1581 unatim
671 1515 839 1595 (tanquam
871 1518 1016 1581 omnium

60 1627 203 1672 nostrum
225 1627 346 1681 reaten,
383 1610 472 1692 quod
494 1609 764 1690 dameoaddo),
796 1626 831 1673 ,vt
852 1606 931 1672 nihil
952 1616 1015 1673 iam

59 1707 219 1769 laudabile
231 1711 339 1788 pariat.
354 1742 380 1755 -
397 1706 451 1769 Ad
465 1726 587 1769 sensum
603 1707 709 1788 itaque
725 1707 807 1767 bene
822 1708 921 1769 versio
933 1709 1017 1790 hisp.-

60 1807 110 1865 sin
128 1805 228 1865 hauet
249 1805 373 1869 dado-a
393 1803 445 1863 luz
466 1822 507 1865 en
533 1801 663 1865 muehos
679 1804 1016 1875 erios‚,·como,·madre

52 1923 106 1984 ya
125 1902 227 1980 (iem)
245 1899 426 1980 infecunda
448 1921 545 1961 varon
569 1889 709 1979 (tirum)
728 1898 843 1982 alguno
867 1886 1014 1965 denefri-

56 1997 132 2059 iada
146 1999 269 2063 virtud„
310 1997 405 2067 ‚Extat
422 1996 584 2078 singularis
603 1997 695 2055 Fabri
719 1997 890 2065 dissertatio
900 1995 937 2059 .Ι..
960 1999 1013 2057 Se-

59 2110 165 2154 mestr.
181 2117 209 2174 9.
230 2096 264 2152 in
282 2113 345 2173 qua
361 2090 562 2157 multitudine
578 2090 792 2170 exemplorum
811 2093 913 2163 docet,
936 2107 1012 2174 quo·

58 2191 158 2261 modo
175 2191 347 2268 Scriptores
369 2187 490 2266 ent-iqui
510 2187 671 2266 utriusque
689 2184 813 2266 linguae
836 2189 1011 2255 ciuitatibus
1104 2268 1107 2273 Ι

58 2300 192 2346 matrem
207 2284 394 2355 tribuerint²
414 2282 459 2351 vti
482 2281 690 2359 natiuitetem,
717 2283 814 2343 varias
837 2297 950 2349 aetates
969 2300 1011 2347 at,

58 2403 123 2464 que
145 2398 288 2443 mortem.
582 2430 586 2443 .
607 2420 633 2431 ··
883 2410 894 2445 τ.
1008 2430 1015 2445 ,

58 2514 61 2519 -
137 2502 168 2560 p.
183 2479 232 2541 50.
256 2501 283 2541 c.
302 2481 336 2539 L.
354 2479 450 2541 Haec
471 2478 736 2560 utaounpnaoo
750 2478 1009 2540 inter-Caesarem

58 2591 92 2637 et
113 2575 265 2637 Catonern
287 2579 338 2637 =vti
362 2597 475 2659 magna
497 2577 755 2656 artesssoomposita
768 2590 828 2644 est,
851 2577 895 2637 ite
914 2576 1015 2654 ipsius

57 2671 191 2732 Sallustii
212 2675 354 2732 animum
372 2675 407 2733 in
429 2671 594 2733 scribendo
617 2672 807 2735 demonstrat
827 2671 1009 2752 probiorem

56 2767 161 2841 fuisse,
185 2788 281 2850 quam
302 2776 394 2829 entea
412 2771 446 2827 in
470 2768 602 2850 agendo.
643 2769 728 2827 Nam
744 2769 883 2848 primum
905 2787 945 2827 ex
965 2752 1009 2826 hi·

56 2867 150 2927 storia
170 2865 296 2927 illorum
313 2880 491 2945 temporum
509 2878 603 2945 atque
617 2884 769 2925 consensu
788 2864 923 2925 aliorum
935 2865 1010 2925 scri·

55 2962 199 3041 pteram,
225 2977 259 3022 vt
279 2961 466 3031 Plutarchi,
496 2962 535 3021 V
532 2960 617 3018 elleii
636 2975 732 3040 patet,
756 2962 916 3042 utriusque
939 2960 1010 3019 oha-

56 3073 209 3118 recterem
223 3059 263 3118 ad
279 3059 441 3117 veritatem
458 3076 634 3136 expressum
651 3077 730 3119 esse:
753 3058 879 3127 deinde,
896 3057 924 3114 si
939 3058 1007 3138 quis

56 3173 121 3212 non
135 3153 173 3212 ab
184 3154 402 3233 interpretibus
413 3152 567 3213 seruiliter
576 3154 729 3232 pendeat,
739 3154 805 3223 'secl
813 3154 848 3213 in
866 3164 1008 3233 tempore

54 3249 113 3308 sibi
140 3251 234 3308 etiam
256 3253 370 3329 sapiet,
397 3271 470 3309 cum
498 3247 656 3328 voluptate
674 3251 801 3319 sentiet,
829 3247 1006 3307 Sallustium

53 3344 147 3405 simul
166 3348 199 3403 in
212 3346 272 3405 hac
283 3347 492 3427 descriptione
506 3346 676 3405 modestiae
690 3347 861 3426 pietatique
873 3345 907 3403 in
928 3344 1007 3403 Gae-

52 3454 154 3501 sarem
174 3442 342 3503 Patronum
358 3442 482 3524 egregie
505 3443 651 3521 paruisse.
695 3441 778 3501 Cum
799 3442 884 3501 enim
902 3441 928 3499 is
950 3460 1006 3500 eu-

51 3538 227 3618 pidissimus
248 3536 349 3598 laudis
373 3538 553 3621 gloriaeque
580 3537 695 3608 fuerit,
727 3551 761 3596 vt
783 3537 864 3597 adeo
886 3537 1007 3618 Euripi·

52 3634 149 3696 deum
165 3632 256 3706 illud,
277 3633 379 3721 solius·
390 3635 518 3716 imperii
531 3653 637 3697 caussa
652 3636 705 3696 ius
721 3632 914 3697 violandum
927 3653 1005 3705 esse,
