2258 3998
95 122 161 197 am
332 120 813 192 sannionum

94 264 168 365 rn'c,
186 268 191 277 '
207 281 280 347 iure
305 282 389 345 otili
402 284 516 345 “suurn
537 280 808 371 secuissem
832 276 1036 346 naturai&

91 381 210 455 Murio
234 390 312 467 pati
338 390 556 477 nequivisse:
591 382 765 476 praeterea
791 390 902 451 missis
930 382 1038 463 mina,

91 494 240 558 Romam
257 494 386 578 legatis,
414 494 585 581 repulsum
603 492 648 557 ab
668 496 830 556 amicitia.
881 492 1041 558 ceterum

92 616 207 663 vetera
231 601 395 681 omittere,
422 582 465 660 iac
487 613 575 681 tum,
600 600 633 660 si
650 598 890 686 per-Marium
911 597 1035 679 iioemt,

92 705 234 788 legatos*
250 703 298 765 ad
326 704 491 766 Senatum
506 706 713 766 missurum.
728 718 747 747 -·
780 690 894 779 -Dein,
932 704 1033 788 copia

90 806 193 884 faeta,
218 813 352 875 anianus
373 802 507 879 barbari
527 804 569 871 ab
589 809 706 871 amicis
730 804 847 885 flexas,
877 826 963 895 quos
981 800 1038 868 lu*¹

90 911 227 1001 gurtha,
255 919 392 1000 cognita
414 909 585 997 legatione
605 909 720 975 Sullae
737 926 773 977 et
792 900 933 987 Manlii,
959 928 1032 974 me·

90 1032 192 1087 tuens
219 1014 265 1095 id,
298 1014 390 1105 quod
417 1015 619 1105 parabatur,
647 1014 747 1081 donis
771 1028 988 1105 corruperat.¹
1033 1056 1042 1094 ι,

330 1192 460 1258 OAP.
497 1192 775 1271 LXXXXIX·

138 1332 287 1398 ·=Mari1n
311 1335 453 1411 interea,
483 1338 635 1398 exercitu
656 1335 693 1397 in
717 1324 869 1399 hilternis
893 1346 1037 1421 oomp'oi'

88 1442 169 1516 alto,
194 1460 275 1503 oum
298 1436 464 1526 expeditis
491 1437 691 1505 cohorti-bus
714 1454 751 1504 et
776 1454 875 1529 parte
899 1430 1035 1525 equita*

89 1559 157 1611 taa-
172 1539 400 1633 proficiscitur
428 1548 465 1607 in
490 1541 565 1609 looa
589 1541 671 1622 sola,
701 1542 875 1609 obsessum
902 1546 1035 1606 tua-tini·

87 1651 236 1737 regiam,
269 1669 338 1736 quo
372 1648 538 1736 Iugurtha
570 1648 728 1737 perfugas
755 1654 867 1713 omnia
901 1650 1031 1737 praesi-

88 1752 192 1820 dium·
216 1756 437 1840 imposuerat.
502 1752 596 1817 Turn
622 1776 740 1817 rursus
766 1753 936 1830 Bocchus,
967 1764 1042 1827 seu,

88 1856 292 1948 reputando,
321 1878 408 1945 quae
438 1855 502 1923 sibi
528 1857 660 1923 duobus
690 1856 826 1948 praeliis
849 1870 1028 1935 venerant,

87 1986 149 2030 seu
174 1960 368 2028 admonitus
396 1960 438 2027 ab
463 1966 592 2042 amicis,
621 1968 712 2052 quos·
731 1967 945 2051 inoorruptos
971 1954 1029 2026 lu·

86 2069 212 2161 gurtha
234 2064 429 2155 reliquerat,
458 2089 499 2132 ex
519 2074 615 2133 omni
635 2071 737 2158 copia·
758 2070 1029 2134 necessariorum

87 2158 240 2264 quinque
267 2169 413 2261 delegit,
445 2194 593 2264 quorum
620 2188 656 2238 et
682 2170 766 2238 fides
798 2178 955 2260 cognita,
990 2184 1031 2243 et

86 2282 224 2368 ingenia
249 2275 460 2343 validissuma
483 2295 590 2344 erant.
638 2278 705 2343 Eos
731 2276 774 2342 ad
795 2276 959 2355 Marium,
986 2297 1043 2353 ao,

85 2383 179 2463 dein,
201 2391 230 2447 si
249 2381 392 2470 placeat,
411 2384 557 2448 Romam
574 2381 703 2472 legatos
718 2386 768 2448 ire
788 2381 884 2448 iubet
891 2408 902 2460 3
928 2400 1033 2470 agen·

85 2488 208 2554 darum
234 2510 373 2565 rerum„
396 2502 431 2552 et
455 2510 674 2578 quocumque
698 2486 802 2552 modo
822 2484 904 2553 belli
931 2506 1029 2552 conr-

85 2591 239 2682 ponendi
275 2589 449 2657 licentiam
482 2596 662 2682 permittit.
695 2628 699 2636 ·
725 2590 780 2656 llli
814 2606 951 2656 mature
981 2588 1032 2654 ad·

86 2696 229 2761 hiberna
253 2696 487 2762 Romanorum
510 2694 783 2787 proficiscuntur.
820 2694 943 2761 deinde
966 2700 1028 2760 iti-

84 2822 168 2865 nere
195 2824 215 2867 a
243 2800 400 2866 Gaetulis
424 2800 614 2867 latronibus
630 2807 884 2868 -oiroumuenti
899 2798 1031 2891 spolia«

84 2912 194 2995 tique,
217 2905 347 2994 pauidi,
371 2912 445 2972 sine
458 2906 581 2973 decore
601 2906 643 2972 ad
658 2906 789 2975 S'ullam
803 2900 1023 2996 perfugiunt,

83 3032 188 3099 quem
212 3009 343 3075 Consul
370 3016 407 3076 in
434 3012 685 3103 expeditionem
712 3011 932 3103 proficiscens
958 3032 1029 3101 pro

82 3114 244 3180 Praetore
278 3114 472 3205 reliquerat.
542 3118 608 3183 Eos
645 3116 704 3182 ille
730 3140 801 3182 non
834 3138 899 3205 pro
926 3121 1024 3183 vania

79 3219 251 3298 hostibus,
284 3237 321 3285 vt
347 3226 463 3286 meriti
490 3239 605 3300 erant,
636 3221 696 3288 sed
723 3222 885 3288 adcurate
911 3242 952 3286 ac
980 3218 1025 3286 li·

83 3321 245 3391 hemliter
267 3326 395 3391 habuit.
430 3350 498 3417 qua
521 3350 559 3393 re
586 3326 719 3397 barbari
744 3342 780 3392 et
801 3310 928 3391 famam
952 3327 1023 3391 llo·

79 3451 264 3497 manorum
286 3438 451 3498 auaritiae
474 3431 606 3510 falsam,
638 3448 673 3497 et
701 3430 844 3509 Sullam,
872 3430 928 3497 ·0b÷
942 3442 1027 3500 nra-2

81 3530 292 3601 arifioeutiam
317 3540 353 3602 in
370 3560 462 3616 sese,
494 3544 644 3603 amicum
671 3541 746 3602 rati.
794 3536 886 3601 Nam
913 3528 1021 3602 etiam

77 3653 154 3707 nasu
183 3636 338 3731 ‚largitio
355 3640 489 3713 multis·
506 3648 629 3739 ignara
641 3667 652 3741 ξ
689 3639 880 3713 munificus
912 3626 1022 3709 neruo
