2258 3998
296 105 789 177 1vovaru1uvu.
981 109 1028 198 93

67 264 231 345 terfecto,
260 263 435 355 profugus
455 287 496 329 ex
520 263 639 330 Africa
658 262 799 330 abierat.
847 263 944 331 Huio
961 263 1021 354 Sp.

65 368 229 448 Albinus,
259 373 319 459 qui
339 392 512 459 proxumo
540 392 629 435 anno
656 385 737 459 post
765 370 915 435 Bestiam
943 391 1027 439 eum

66 476 111 563 Q.
140 475 301 541 Μίιιιιοὶο
325 473 418 540 Rufo
445 474 663 541 consulatum
689 473 841 563 gerebat,
883 496 1026 564 persua·

64 579 146 658 det,
178 586 346 669 quoniam
376 603 417 646 ex
447 588 556 670 stirpe
579 581 780 647 Masinissae
809 584 870 658 sit,
891 583 1027 668 'Iugur-

66 685 167 751 tham
198 684 243 751 ob
276 684 406 751 seelera
442 686 574 751 inuidia
609 704 691 752 cum
727 703 826 751 metu
860 700 1023 779 urgueat?

64 812 218 881 regnum
247 791 435 857 Numidiae
469 792 510 858 ab
542 793 672 859 Senatu
709 807 816 881 petat.
888 789 1024 856 Auidus

66 893 203 962 Consul
230 894 312 961 belli
343 898 490 986 gerundi
512 920 679 977 monere,
710 921 815 987 quam
838 918 1025 963 senescere

63 1007 189 1087 omnia
216 998 376 1066 malebat.
422 1006 489 1093 ipsi
516 1006 699 1092 prouincia
725 1001 913 1078 Numidia;
959 1001 1025 1065 Mi-

64 1110 172 1173 nucio
211 1105 419 1172 Macedonia
457 1124 630 1174 euenerat.
679 1110 803 1195 ·Quae
837 1124 1025 1197 postquam

63 1211 221 1277 Massiua
238 1217 369 1300 agitare
393 1217 521 1303 coepit,
549 1236 663 1304 neque
684 1213 871 1303 Iugurthae
890 1216 926 1274 in
944 1216 1025 1273 arrui-

65 1323 119 1385 cis
141 1320 222 1382 satis
247 1316 409 1406 praesidii
433 1334 501 1384 est:
532 1318 626 1409 quod
653 1341 775 1383 eorum
803 1316 910 1381 alium
940 1340 1023 1381 een·

63 1423 234 1499 scientia·
253 1420 362 1488 alium
387 1423 478 1490 mala
498 1423 589 1489 fama
608 1439 655 1489 et.
667 1430 774 1487 timor
795 1419 1004 1510 impediebat
1010 1445 1021 1498 ς

63 1524 266 1606 Bomilcari,
294 1551 465 1617 proxumo
492 1551 532 1594 ae
558 1549 718 1593 maxume
744 1524 815 1591 fido
846 1525 1022 1603 sibi,..im·

62 1647 184 1726 perat,
207 1639 335 1722 pretio,
361 1639 470 1700 *sicuti
495 1636 607 1699 multa
633 1632 841 1723 conficeret,
875 1632 1021 1695 iusidia-

63 1758 155 1806 cores
179 1740 360 1805 Massiuae
377 1759 491 1830 paret,
526 1763 568 1804 ac
595 1762 760 1803 nzaxume
784 1739 937 1803 occidte.-
965 1739 1022 1800 siu

63 1845 107 1911 id
124 1868 253 1935 parum
272 1847 445 1935 procedat,
474 1849 599 1936 quouis
625 1844 724 1907 modo
748 1844 947 1912 Numidam
972 1845 1023 1905 in-

45 1950 222 2037 'aficiaa
286 1949 459 2016 Bomilcar
489 1968 625 2016 mature
653 1953 742 2038 regis
774 1946 938 2013 mandate
965 1969 1022 2011 ex·

62 2058 240 2145 aequitum
273 2071 310 2120 et
332 2078 396 2144 per
417 2055 573 2120 homines
602 2054 678 2128 talis
708 2058 838 2144 negotii
872 2049 1021 2117 artifices

63 2162 192 2225 itinera
222 2181 448 2248 egressusque
474 2168 566 2237 eius,
606 2175 785 2247 postremo
815 2157 890 2223 loca
914 2171 1021 2253 ¹atque

63 2280 227 2355 tempora
253 2282 381 2331 cuncte
404 2263 577 2355 explorat:
609 2263 746 2341 deinde,
777 2262 833 2329 vbi
859 2284 913 2326 res
941 2283 1021 2349 pos·

63 2367 211 2448 talebot,
240 2370 379 2436 insidias
408 2371 530 2436 tendit.
579 2371 697 2458 Igitur¹
715 2392 799 2436 vnus
825 2390 866 2432 ex
891 2389 932 2432 eo
960 2389 1021 2431 nu·

63 2496 177 2553 mero,
206 2478 267 2564 qui
297 2473 341 2540 ad
366 2475 507 2541 caedem
534 2479 664 2565 parati,
697 2472 817 2564 paullo
840 2467 1020 2537 inconsul-

63 2586 136 2649 tius
156 2580 345 2647 Massiuam
362 2582 574 2672 adgreditur,
602 2580 705 2645 illurn
728 2578 925 2645 obtruncat:
958 2575 1020 2643 sed

60 2692 142 2776 ipse
163 2684 417 2774 deprehensus,
460 2685 579 2752 multis
608 2685 825 2751 hortantibus
855 2699 891 2751 et
915 2685 1019 2773 inpri-

61 2795 131 2857 mis
158 2789 287 2857 Albino
315 2789 476 2870 consule,
510 2790 677 2857 indicium
703 2790 898 2880 profitetur.
960 2791 1020 2868 Fit

61 2916 145 2961 reus
174 2899 281 2986 magis
309 2919 351 2962 ex
375 2918 488 2988 aequo
520 2896 700 2987 bonoque,
732 2919 838 2986 quam
873 2918 914 2959 ex
943 2897 1018 2960 iure

61 3006 242 3091 gentium,
280 3001 474 3082 Bomilcar3
512 3025 627 3070 comes
653 3005 745 3082 eius,
781 3005 841 3091 qui
869 3001 1018 3065 Romam

62 3103 135 3172 fide
163 3103 303 3196 publiea
327 3124 479 3176 venerat.
542 3108 591 3177 At
617 3107 785 3197 Iugurtha
815 3092 1025 3172 manifestus

62 3216 156 3277 tanti
183 3209 341 3292 sceleris,
380 3236 450 3279 non
480 3216 575 3304 prius
604 3216 721 3279 omisit
748 3228 868 3278 contra
896 3230 1018 3276 verum

62 3321 277 3419 niti‚fquam
296 3322 452 3386 animum
478 3319 645 3399 aduertit,
670 3341 775 3409 supra
800 3319 945 3404 gratiam
966 3329 1017 3377 at·

62 3442 135 3511 que
154 3420 340 3511 pecuniam
358 3448 456 3490 suam
472 3422 642 3489 inuidiam
664 3423 748 3489 faeti
768 3444 850 3486 esse.
891 3422 1015 3507 igitur,

59 3540 278 3617 qumquam
313 3532 350 3595 in
383 3535 501 3620 priore
534 3534 672 3596 actione
705 3552 745 3594 ex
770 3528 889 3593 amieis
920 3531 1017 3614 ’quin

58 3636 230 3725 quaginta
258 3633 359 3703 vades
389 3633 533 3703 dederat
544 3661 556 3717 ς
599 3656 710 3727 regno
743 3637 871 3724 magis,
911 3650 1027 3777 quar}
