2258 3998
297 106 797 180 IVGVRTHINVM.
957 133 1019 197 nu

70 260 186 350 tibuit
227 271 365 333 minore
403 264 616 334 detrimento
636 264 731 337 illos
766 272 879 347 vinci,
918 288 1024 358 quam
1055 354 1058 359 Ι

65 395 151 439 auos
178 374 334 441 vinceret
374 377 497 438 statuit
519 394 590 439 non
611 371 750 462 praeliis
755 420 774 454 ‚.
796 395 910 462 neque
936 376 1030 453 acie‚.

63 475 133 543 sed
164 474 233 543 ulio
252 500 364 545 ¹more
396 476 528 544 bellum
559 477 763 568 gerundum.
835 478 956 568 Itaque
984 484 1023 549 iu

56 581 261 660 Numidiae
279 583 362 649 ioca
386 580 649 674 opulentissima
672 588 799 675 pergit,
827 606 926 674 agros
950 604 1023 651 vas·-

67 702 141 767 tat,
171 686 294 755 multa·
319 688 457 756 castella
486 704 524 755 et
539 688 681 779 ¹oppida
708 705 846 777 temere
872 695 1019 773 munita,

65 804 131 859 'aut
157 799 236 859 eine
256 794 448 885 praesidio,
477 799 570 885 capit
595 794 841 885 incenditque,
872 793 1023 885 puberei'

68 897 259 979 interficit3
288 897 355 965 alia
380 907 499 966 omnia
523 897 681 966 militnm
703 899 937 991 praedaesse.
972 898 1024 967 Ea

65 1002 257 1071 formidine
288 1003 392 1071 multi
428 1003 592 1072 mortales
624 1007 788 1071 Romanis
824 1004 936 1072 dediti
967 988 1023 1071 nb·

65 1108 175 1189 sides,
216 1110 434 1176 frumentum
466 1127 503 1182 et
532 1109 614 1189 alia,
659 1134 747 1200 quaa
780 1116 856 1178 vsui
890 1110 1020 1191 forent,

64 1212 214 1281 adfatim
247 1206 428 1304 praebita}
480 1214 688 1305 ubicumque
719 1239 772 1282 res
808 1213 1019 1305 postulabat,

65 1318 282 1410 praesidium
312 1326 526 1410 impositum.
598 1322 697 1408 Quae
731 1327 871 1410 negotia
906 1318 1021 1387 multo

64 1429 187 1515 magis,
215 1448 321 1515 quam
346 1423 518 1514 praelium
534 1422 625 1491 male
641 1441 836 1516 pugnatum
852 1424 914 1510 (ab
929 1426 1023 1513 iuis)
1074 1478 1097 1501 .,

63 1552 188 1620 regem
223 1531 415 1597 ter-rebant.
457 1536 589 1620 quippe
623 1536 681 1595 cui
719 1553 796 1621 spes
830 1536 949 1597 emnia
983 1535 1022 1597 iu

63 1634 150 1725 fuga
170 1643 246 1716 sita,
273 1642 372 1726 sequi
395 1636 599 1726 cogebatur3
628 1650 664 1699 et
689 1642 834 1726 quiana
860 1633 937 1701 loca
961 1633 1021 1701 de·

61 1739 209 1807 fondere
241 1747 461 1832 nequiuerat,
501 1747 538 1806 in
571 1738 690 1807 alienis
722 1738 855 1807 bellum
883 1761 1016 1830 gereres

67 1846 207 1912 Tamen
238 1850 289 1911 ex'
309 1853 429 1936 copia,
470 1845 563 1936 quod
598 1863 786 1937 optumum
823 1845 1019 1923 videbatur,

62 1949 255 2019 consilium
287 1960 390 2042 capit.
444 1957 635 2018 exercitum
667 1950 875 2043 plerumque
906 1957 945 2016 in
975 1955 1020 2017 is·

65 2056 151 2125 dem
182 2056 267 2129 locis
301 2064 456 2147 opperiri
492 2057 607 2134 iubet;
654 2064 728 2146 ipse
758 2078 842 2122 cum
875 2054 1020 2129 delectit

64 2158 241 2253 equitibus
267 2160 455 2229 Metellum
473 2168 642 2251 sequitur,
668 2168 848 2227 nocturnis
876 2179 912 2229 et
931 2166 1018 2231 auiis

64 2267 250 2335 itineribus
278 2274 456 2358 ignoratus
485 2267 659 2333 Romanos
694 2265 841 2356 palantis
874 2267 1025 2356 repente

63 2373 277 2464 adgreditur.
331 2374 463 2439 Eorum
494 2371 655 2463 plerique
689 2378 838 2439 inermes
875 2371 1017 2451 cadunt,
1087 2372 1090 2381 ’

63 2477 174 2546 multi
199 2486 400 2570 capiuntur:
419 2502 541 2545 -nemo
569 2485 729 2544 omnium
759 2485 910 2549 intactus
936 2500 1019 2567 pro·

61 2584 175 2674 fugin
212 2603 252 2653 et
280 2584 467 2664 Numidae,
493 2590 696 2674 prinsquam
726 2606 767 2649 ex
789 2590 908 2649 castris
938 2581 1019 2650 sub·

64 2695 257 2770 veniretur,
284 2695 388 2757 sicuti
404 2694 490 2757 iussi
516 2705 628 2770 erant,
657 2696 694 2757 in
714 2711 900 2781 proxumos
918 2687 1022 2786 collis·

62 2793 258 2873 discedunt

168 2950 174 2955 ’
410 2975 650 3043 cAP.LL

131 3114 278 3181 interim
325 3116 455 3182 Romae
504 3114 670 3205 gaudium
712 3122 832 3206 ingens
880 3129 1015 3191 ortum,
1103 3106 1106 3113 ¹

60 3227 213 3311 cognitis
241 3220 379 3287 Metalli
404 3220 524 3287 rebus':
561 3238 600 3290 vt
628 3245 734 3312 seque
760 3237 806 3289 et·
825 3226 1020 3287 exercitum.

61 3348 163 3395 more
185 3333 359 3397 maiorum
381 3343 536 3418 gererem
562 3330 598 3392 in
620 3328 769 3395 aduorso
790 3324 882 3406 loco,
907 3320 1017 3391 'victor

60 3446 182 3497 tamen
209 3437 339 3499 virtute
362 3431 504 3512 fuisset;
535 3434 688 3501 hostium
713 3454 797 3524 agro
822 3435 1013 3523 potiretur5

59 3533 524 3628 Iugurthainmagntficum
549 3562 590 3609 ex
615 3538 697 3609 Auli
723 3538 889 3615 secordia,
916 3559 1016 3627 spem

58 3639 181 3741 salutis
204 3647 243 3709 in
259 3639 465 3728 solitudine,
489 3661 552 3742 aut
574 3645 657 3736 fuga
681 3628 850 3742 coegisset
875 3639 1014 3717 haberu,
