2258 3998
58 651 216 789 'Restat
229 725 329 804 operis
344 722 437 785 huius
449 740 529 805 pars,
549 724 589 786 ad
602 726 697 806 quam
715 723 748 784 in
766 717 1023 813 antecedentibus
1056 780 1059 785 .
1084 784 1087 793 .

72 808 192 899 saepius
222 822 285 879 iarn
314 822 459 906 Lectores
482 820 623 906 ablegaui
653 837 684 882 et
708 841 790 901 quae
815 824 949 902 pertinet
976 826 1035 887 ad*

68 915 264 979 latinitatem
287 915 428 977 Sallustii.
472 919 510 976 In
533 920 621 978 cirins
639 917 768 998 quidem
790 918 899 995 Indice
917 920 1017 982 'confi-

46 1012 200 1095 sciendo,
225 1033 301 1092 quas
322 1014 399 1073 mihi
420 1015 485 1092 ipse
507 1015 682 1094 scripserim
702 1011 803 1096 leges,
834 1037 930 1097 quern
952 1002 1017 1079 mo·
1057 1026 1060 1039 '

67 1107 146 1191 durn
168 1111 368 1179 seruauerim‚
393 1129 467 1168 mox
489 1098 601 1169 disant.
651 1109 810 1170 Admonet
829 1114 913 1171 enim
927 1106 1016 1185 locus

67 1219 147 1263 ante
166 1207 269 1264 omnia
290 1203 342 1264 hic'
365 1206 518 1286 quaedam
547 1205 682 1286 praefari
705 1207 744 1265 de
768 1208 911 1266 uniuersa
940 1211 1016 1279 scri-x

65 1298 163 1359 bendi
184 1301 319 1371 ratione,
352 1321 447 1383 qunm
469 1316 590 1360 secutus
613 1317 657 1361 cst
678 1302 798 1362 Auctor
817 1301 1009 1381 clarissimus.

63 1386 169 1478 Atq'ue
185 1396 219 1454 id
236 1417 274 1456 eo
295 1398 393 1479 magis
416 1401 679 1477 operaepretium
701 1398 834 1466 videtur,
859 1408 922 1479 quo
943 1420 1012 1460 cer-

62 1493 124 1551 tius
144 1493 281 1572 primum
302 1507 420 1552 constet
437 1513 510 1551 eum
529 1493 657 1571 proprio
677 1491 733 1551 sibi
750 1513 863 1575 genere
882 1494 1009 1556 dicendi

61 1585 154 1648 fuisse
176 1609 263 1648 vsurn
284 1590 380 1670 inque
403 1609 441 1648 eo
460 1589 552 1648 etiam
576 1589 701 1648 unicum
724 1591 865 1653 omniurn
880 1584 1007 1650 'reman-
1060 1634 1065 1643 .

60 1685 142 1754 sisse,
168 1684 217 1745 vel
235 1688 302 1765 ipso
313 1687 423 1746 Tacito
443 1705 507 1746 non
526 1698 664 1764 excepto,
691 1685 742 1744 cui
760 1682 910 1744 nimirum
924 1685 1006 1745 rnul-
1082 1696 1087 1705 ¹

59 1793 132 1839 tum<
153 1781 263 1840 deesse-
279 1783 395 1842 sentias
417 1781 511 1840 iliius
520 1781 633 1863 vigoris
657 1794 689 1840 et
710 1773 797 1861 quasi
819 1800 1003 1854 neruorum,

58 1876 172 1958 quibus
197 1899 298 1940 sermo
325 1877 464 1938 Sallustii.
479 1877 571 1957 plane
595 1875 724 1938 excellit.
783 1875 1005 1959 Auget'porro

57 1974 220 2053 interpreti
241 1975 418 2035 tractandae
434 1972 548 2043 -huius,
574 1994 656 2055 quae
679 1973 784 2034 est‘de
807 1966 886 2054 stylo'
905 1973 1003 2045 Sallu·

57 2070 124 2139 stii,
157 2073 341 2151 quaestionis
364 2072 575 2129 necessitatem
602 2072 703 2130 varius
723 2069 762 2127 de
787 2088 825 2128 eo
853 2069 1003 2130 dissensus

57 2180 200 2226 veterum
231 2167 432 2244 Scriptorum.
476 2164 585 2244 Itaque
604 2164 710 2244 paucis
734 2164 768 2222 in
789 2162 851 2223 hoc
874 2164 944 2227 loco
964 2186 1002 2225 ea

57 2261 332 2341 comprehendam,
357 2278 438 2340 quae
462 2259 540 2317 mihi
559 2258 598 2319 de
617 2258 782 2327 breuitate,
808 2258 848 2317 de
870 2278 1003 2321 nurnero
1077 2251 1080 2260 ’

53 2373 152 2438 atque
175 2357 240 2415 aliis
265 2355 451 2438 quibusdam
469 2353 715 2436 proprietatibus
737 2352 935 2416 sallustianae
961 2353 1002 2434 la·

55 2454 182 2514 tinitatis
205 2453 267 2511 dici
287 2456 375 2533 posse
397 2452 553 2512 verissime
574 2449 727 2511 videntur.
782 2474 785 2481 ¹
972 2520 974 2532 Ι

136 2549 339 2610 Consentiunt
353 2551 492 2630 primurn
512 2565 619 2608 omnes
637 2548 671 2605 in
693 2547 847 2606 breuitate
862 2532 1003 2628 Scripta·-
1090 2622 1091 2631 ἵ

54 2649 97 2709 ris
112 2649 216 2716 nostri,
241 2650 328 2709 cuius
343 2648 421 2707 adeo
441 2666 514 2706 eurn
532 2642 680 2703 artificem
697 2630 997 2723 subtilissimum-ap·
1021 2651 1024 2656 ’

52 2742 183 2827 pellauit
206 2743 329 2829 Gellius
351 2742 409 2802 ΙΙΙ.
434 2764 459 2800 1.
487 2740 647 2817 >Cernitur
667 2758 742 2799 vero
765 2758 802 2797 ea
816 2758 879 2798 non
897 2738 997 2799 niodo

37 2841 88 2903 ,in
107 2853 151 2898 tot
173 2838 341 2920 nysaeus,
365 2851 414 2907 vt,
438 2832 516 2904 dies,
543 2850 657 2905 noctes,
683 2854 787 2903 arnna,
814 2834 890 2904 tela,
914 2835 996 2893 iner-

30 2985 34 2989 .
52 2955 129 3003 mes,
145 2935 270 2996 armati
278 2957 318 2981 -ι-
329 2947 422 3013 atque
432 2924 597 3012 prieterea
602 2929 815 2997 omissionibus
825 2929 913 2989 verbi
924 2928 995 2990 sub«

51 3031 185 3100 stamini,
206 3029 399 3110 pronominis
421 3027 653 3088 demonstraturi
672 3041 743 3086 ante
766 3045 896 3106 sequens
915 3024 996 3084 rela-

50 3127 161 3194 tivum,
174 3128 207 3184 in
220 3126 429 3209 conditionata
440 3125 614 3185 narratione
626 3123 735 3204 prioris
748 3142 804 3192 an,
818 3142 841 3183 s.
850 3135 960 3179 atrum
968 3152 995 3169 -

44 3212 161 3306 pacem
181 3241 222 3280 an
241 3222 359 3282 bellum
377 3235 408 3281 et
425 3219 588 3290 similibus;
611 3226 721 3279 verum
744 3237 839 3300 qutun
859 3217 994 3278 maxime
1053 3284 1056 3293 1

48 3319 144 3378 etiam
166 3320 200 3376 in
222 3317 369 3398 abruptis.
392 3319 458 3377 sius
478 3332 512 3378 vt
532 3319 649 3376 Seneca
670 3314 746 3387 dicit
763 3310 903 3373 Decium.
928 3311 1015 3376 111...
1053 3328 1061 3345 ‘

47 3415 213 3495 amputatis
227 3408 382 3475 sententiis
398 3414 560 3494 verbisque
575 3428 649 3472 ante
668 3423 861 3489 expectatum
883 3407 993 3467 caden-

46 3504 138 3571 tibus.
196 3508 379 3570 Cuiusmodi
400 3525 471 3568 sunt
487 3532 532 3588 qt·
552 3524 584 3590 p.
611 3506 676 3568 125.
706 3507 750 3565 ita
770 3505 844 3565 uiui
868 3503 992 3570 obruti:
1080 3510 1082 3514 '

46 3605 121 3669 niti
132 3609 182 3675 ita
201 3604 320 3671 delt'cta
329 3606 607 3686 exaltiorafomt
626 3604 675 3664 tia
686 3621 721 3665 ee
737 3621 838 3665 motat
850 3599 989 3667 habent:
1034 3606 1051 3621 ”
1084 3611 1090 3651 ’-

215 3704 221 3719 s
370 3700 383 3749 -4
744 3708 773 3760 ἰ
1078 3719 1080 3723 ,

769 3888 861 3929 ¹<
