2258 3998
86 96 223 205 με’
404 130 709 244 nunnvu
801 176 806 183 .

310 350 315 357 .
416 248 707 358 cARLVr

148 413 283 481 Eodem
301 428 462 502 tempore
482 409 575 501 apud
593 412 739 477 Zamam
758 420 884 501 magna
908 413 943 475 vl
964 408 1040 473 cer-²

79 520 231 589 Qtabatur
281 518 352 588 Vbi
374 523 519 609 quisque
540 515 685 607 legatus,
710 528 772 582 aut
780 504 958 581 tribunus
979 536 1041 578 cu-

83 626 195 705 rabat,
240 646 282 690 eo
310 634 491 689 acerrume
516 629 604 702 niti;
647 644 763 714 neque
787 610 883 687 alius'
903 616 944 684 ιιι
970 615 1041 684 alio

83 734 204 819 magis,
236 751 341 820 quam
367 733 404 794 in
427 751 501 794 sese
526 750 625 818 spem
646 727 789 795 habere:
823 730 957 817 pariter
977 746 1041 814 op·-

83 836 203 925 pidani
230 857 342 924 agere.
382 856 603 927 oppugnare,
636 851 699 912 aut
727 828 1041 922 parareomnibui

78 939 189 1019 ·locis;
223 938 359 1005 auidius¹
386 937 488 1004 alteri
512 935 638 1003 alteros
656 944 827 1017 sauciare,
855 958 961 1028 quam
987 956 1040 1000 re-

83 1062 160 1113 met
188 1059 324 1134 tegere3
355 1042 487 1110 clamor
514 1048 708 1134 permixtus
728 1042 940 1122 hortatione,
969 1039 1040 1109 lae-

79 1155 174 1227 titia,
209 1157 361 1238 gemitu3
393 1157 479 1214 item
507 1155 674 1238 strepitus
692 1171 872 1216 armorum
895 1146 938 1214 ad
960 1169 1040 1214 coe

80 1257 160 1320 -lum
185 1253 295 1334 ferri,
325 1252 395 1319 tela
414 1255 595 1345 utrimque·
607 1252 733 1320 volare.
759 1258 763 1265 '
783 1253 852 1321 Sed
874 1250 945 1334 illi,
978 1258 1040 1344 qui

18 1351 22 1372 '
85 1367 226 1428 moenia
245 1347 483 1437 defensabant,-
507 1359 566 1427 vbi
584 1360 700 1426 hostes
717 1358 915 1451 paullulum
932 1357 1041 1451 modo

76 1472 487 1558 ‘pugnam-remiserant,
522 1472 650 1532 intenti
677 1464 851 1556 praelium
878 1454 1041 1556 e'cine'stre

85 1571 363 1663 prospectabant.
402 1593 480 1651 eos,
512 1554 959 1662 vti·t1uaeque'lugurthae
984 1590 1039 1637 res

86 1693 174 1757 erat,
202 1674 311 1742 laetos
341 1674 459 1753 modo,
486 1675 591 1741 modo
616 1675 760 1766 pauidos·
781 1676 1040 1744 animaduortess

87 1807 160 1862 res,
192 1804 248 1862 ac,
274 1781 384 1848 sicubi
405 1779 553 1847 audiria
572 1788 661 1863 suis,
691 1798 752 1848 aut
771 1791 868 1850 cerni
884 1797 1038 1875 possent,

86 1910 231 1956 monere
252 1885 330 1967 alii,
360 1885 419 1951 alii
445 1886 594 1967 hortari,
621 1905 682 1955 aut
705 1911 812 1955 manu
831 1887 1038 1981 significare,

81 2010 148 2061 aut
171 1998 240 2073 niti
270 1990 485 2086 corporibus,
522 2008 558 2059 et
587 1993 668 2072 huc,
701 1991 797 2075 illuc,
817 1990 926 2086 ‘quasi'
952 2001 1040 2061 vita·

81 2098 213 2177 -bundi,
244 2116 306 2164 aut
333 2103 499 2173 iacientes
530 2094 611 2175 tela,
644 2105 783 2189 agitare.
846 2098 950 2189 Quo'd
979 2097 1040 2166 vbi

82 2205 209 2271 -Μιιιιο
227 2206 407 2293 cognitum
427 2212 488 2270 est
517 2210 651 2288 (nam
641 2227 669 2269 rs
697 2212 734 2270 in
756 2228 797 2271 ea
817 2223 933 2295 parte*
939 2210 1039 2272 cura·-

81 2310 163 2392 bat)
195 2306 355 2374 consulto
381 2307 493 2374 lenius
517 2332 633 2398 agere,
663 2332 704 2376 ac
732 2308 964 2377 diffidentiam
985 2314 1039 2376 rei

85 2400 268 2492 simulare,
293 2420 367 2504 pati
380 2400 593 2481 Numidas
567 2437 641 2479 sine
652 2407 818 2482 tumultu
834 2423 924 2508 regis
938 2437 1039 2508 prae·-

82 2519 176 2585 -lium
203 2526 322 2584 visere.
366 2510 435 2598 lta,
449 2516 528 2585 illis
548 2519 665 2587 studio
689 2542 833 2587 suorum
851 2518 1037 2609 adstrictis,

85 2639 235 2715 repente
258 2646 383 2715 magna
409 2630 454 2691 vi·
471 2622 612 2692 murum
640 2624 842 2718 adgreditur
853 2642 882 2708 ς·
901 2643 938 2694 et
967 2633 1038 2693 iam

85 2727 185 2796 scalis
222 2718 348 2818 egressi
385 2728 516 2827 milites
535 2734 661 2822 'prope
693 2730 827 2799 summa
858 2747 1036 2831 ceperant,

83 2835 181 2901 cum'.
192 2834 358 2923 oppidani
387 2852 613 2915 concurrunt,
643 2834 785 2927 lapides,
814 2842 945 2928 i'gne'm,
968 2836 1038 2906 alia

84 2955 263 3029 praeterea
285 2938 355 3005 tela
383 2946 556 3032 ingerunt.
605 2942 726 3030 Nostri
753 2942 870 3033 primo
897 2940 1036 3011 resiste·

80 3067 135 3110 re:
163 3042 301 3122 deinde,
335 3045 390 3112 vbi
418 3069 505 3113 vaae
527 3064 631 3137 atque
655 3045 784 3114 alterae
806 3046 926 3121 scalae'
940 3073 1036 3116 com·

82 3155 253 3229 minutae,
290 3156 351 3240 qui
377 3168 660 3243 supersteterant,
692 3150 824 3219 adflicti
849 3168 947 3220 sunt:
979 3178 1036 3221 ce-

82 3261 150 3321 teri
165 3278 305 3345 quoquo
312 3256 425 3322 modo
441 3258 608 3357 potuere,
623 3264 727 3349 pauci
745 3263 884 3347 integri,
910 3282 1036 3349 magne

24 3416 28 3422 ,
81 3380 161 3448 pars
170 3355 329 3429 confecti
348 3359 546 3439 volneribus
563 3363 701 3434 abeunt.
731 3358 894 3455 Denique
912 3372 1035 3439 ruim-

84 3484 153 3554 que
179 3464 350 3558 praelium
374 3486 443 3538 nox
466 3466 621 3539 diremit.
