2258 3998
297 118 798 233 svovnpa1uvu.
959 122 1026 214 ,a

10 297 12 305 ·
51 290 178 362 'quom
204 289 292 338 eerte
304 268 473 364 peperisse
491 277 613 342 melius
635 294 695 356 est,
724 300 830 369 quam
849 298 1026 371 acceptam

66 381 264 465 comtpisse.
329 381 502 472 Equidem
528 405 590 470 ego
619 405 690 446 uon
720 387 859 470 ignoro,
891 389 924 450 si
952 389 1026 451 iam

65 483 270 571 respondere
282 485 404 571 velint,
430 488 567 553 abunde
587 489 659 552 illis
669 487 870 578 facundam
884 507 920 554 et
932 513 1023 556 eoos·

59 590 215 678 positam
233 594 426 657 orationem
436 592 527 683 fore.
577 593 646 657 Sed
665 597 704 658 iu
723 617 889 660 maxum
911 573 1024 661 alsae

65 692 240 780 beneficio,
274 718 352 760 cum
381 699 540 762 omnibus
567 699 651 762 loeis
677 722 731 764 me
756 721 886 789 vosque
912 702 1023 767 male.

63 799 168 862 dieas
196 800 361 888 lacerent,
398 824 470 866 non
500 804 639 890 placuit
666 807 828 870 resuere:
866 828 910 872 ne
943 808 1023 896 quis

62 905 268 968 modestiam
299 910 339 970 in
369 912 612 973 conscientiam
640 910 782 973 duceret.
841 909 942 977 Nam
968 933 1024 981 me

60 1011 224 1101 quidem,
253 1033 299 1074 ex
327 1017 442 1076 animi
467 1017 652 1099 sententia,
684 1016 785 1078 niella
812 1019 923 1080 oratio
956 1017 1021 1081 lae·

61 1117 144 1188 (lese
165 1135 282 1205 potest.
315 1123 440 1207 quippe
469 1141 553 1182 uera
584 1142 714 1184 necesse
741 1138 791 1184 est
820 1121 904 1185 bene
924 1142 1023 1210 prae·

60 1221 171 1297 diae&
187 1221 326 1312 falsam
352 1227 428 1286 vita
453 1247 628 1313 moresque
652 1229 721 1290 mei
744 1244 916 1314 superant.
954 1225 1023 1291 Sed

60 1334 234 1417 quoniam
265 1346 378 1391 vestra
406 1330 553 1393 consilia
580 1350 802 1414 accusantur,
838 1333 903 1420 qui
931 1330 1041 1393 milti·

59 1454 236 1496 summum
261 1434 438 1518 honorem,
467 1452 500 1496 et
526 1457 732 1499 maxumum
759 1439 934 1520 negotium
962 1437 1022 1497 im·

55 1541 243 1629 posuistis:
272 1546 377 1602 etiam
407 1555 512 1625 atque
537 1543 642 1602 etiam
673 1555 839 1626 reputate,
870 1562 956 1602 num
982 1539 1023 1603 id

55 1644 315 1734 poenituudum
332 1647 385 1708 sic.
435 1644 521 1709 Non
536 1666 675 1732 possum
682 1642 776 1729 fidei
795 1666 916 1708 caussa
936 1647 1021 1708 ima

57 1752 172 1836 gines,
213 1770 324 1839 neque
350 1750 557 1839 triumphos,
596 1766 661 1811 aut
685 1749 883 1813 consulatus
915 1752 1020 1813 neam·

60 1877 142 1919 rum
168 1877 321 1918 meorum
348 1874 515 1933 ostentare
521 1879 536 1932 ,·
562 1872 610 1935 at,
637 1856 669 1917 si
683 1877 735 1917 res
751 1855 910 1942 postulet,
938 1854 1018 1917 lias·

60 1977 128 2038 tas,
155 1962 349 2040 vexillum,
385 1963 564 2049 phaleras,
581 1961 675 2025 ,olio
702 1961 873 2024 militaria
900 1959 995 2023 douo
1002 1982 1018 2034 ς

56 2082 235 2155 praeterea
264 2070 437 2130 cicatrices
458 2067 603 2130 aduorso
626 2087 770 2152 corpore.
834 2063 915 2129 Hae
935 2079 1021 2128 sunt

59 2192 160 2235 meae
182 2173 367 2256 imagines,
401 2172 486 2234 liaeo
508 2169 689 2246 nobilitas,
714 2190 787 2232 non
810 2167 1019 2233 haereditate

58 2278 191 2361 relicta,
213 2288 256 2339 vt
276 2276 341 2340 illu
363 2277 444 2358 illis,
465 2273 527 2338 sed
546 2296 637 2362 quae
658 2295 719 2358 ego
738 2274 901 2360 plurimis
924 2273 1019 2336 labo·

59 2373 156 2448 ribus
174 2399 209 2446 et
218 2382 382 2469 periculis
403 2382 570 2470 quaesiui.
619 2379 706 2445 Noa
727 2394 812 2441 sunt
831 2379 1017 2464 composita

58 2489 168 2553 verba
190 2509 287 2551 ntea.-
305 2509 432 2575 parum
455 2485 495 2549 id
504 2485 628 2574 faeio;
652 2487 723 2572 ipse
743 2506 778 2546 se
799 2485 912 2546 virtus
931 2482 1017 2547 satit

58 2592 229 2659 ostendit.-
252 2592 324 2655 illis
346 2591 493 2678 artifieio
516 2613 600 2680 opus
621 2605 685 2673 est,
708 2592 762 2650 vti
783 2590 899 2675 turpia
910 2585 1017 2675 saeta

57 2700 217 2763 oracione
238 2684 364 2783 tegant.
413 2698 538 2786 Neque
559 2693 689 2760 litteras
713 2693 865 2758 Graecas
886 2691 996 2756 didici
1003 2715 1016 2755 .·

52 2810 185 2895 p'arum
202 2804 363 2894 placebat
382 2827 440 2868 eas
461 2803 596 2879 discere,
621 2802 747 2888 quippe
764 2820 855 2889 quae
874 2797 923 2863 ad
942 2799 1015 2861 uir·

58 2928 167 2975 tutem
182 2909 373 2974 doctoribus
392 2909 486 2971 nihil
502 2903 717 2995 profuerunt.
759 2903 811 2970 At
823 2905 888 2968 illa
903 2903 1014 2967 multo

57 3033 202 3106 optuma
228 3014 431 3101 reipublicae
460 3007 577 3076 doetus
604 3034 704 3075 sum:
739 3010 867 3074 hostem
892 3007 1014 3097 fhrire,

53 3119 232 3211 praesulta
261 3122 394 3205 agitare
404 3143 418 3195 ,·
459 3117 554 3180 nillil
581 3133 743 3199 nsetuere,
780 3116 851 3179 nisi
883 3130 1016 3199 turpem

45 3223 195 3314 famam
207 3249 221 3300 ;
252 3224 398 3290 hiemem
420 3240 455 3289 et
474 3239 635 3287 aestatem
664 3225 766 3284 iuxta
783 3220 864 3308 pati
872 3240 886 3292 ‚·
916 3216 1018 3278 liumi

56 3333 265 3419 requiescere
270 3353 284 3407 ,·
322 3330 436 3394 eodem
465 3345 611 3416 tempore
633 3328 788 3412 inopiam
809 3339 844 3387 et
864 3321 1015 3384 laborem

56 3434 212 3500 tolerare.
284 3435 352 3498 His
374 3456 434 3520 ego
459 3434 649 3521 praeceptis
678 3429 804 3492 milites
827 3425 988 3488 hortabor
999 3447 1015 3486 -.·
1084 3494 1089 3501 ⁷

56 3562 170 3632 neque
198 3540 278 3604 illos
305 3557 378 3604 arte
407 3538 538 3615 oolam,
591 3558 644 3599 me
665 3534 861 3623 opulenta,-
906 3549 1018 3619 neque

51 3648 208 3733 gloriam
241 3664 354 3710 meam
388 3642 537 3708 laborem
573 3641 714 3706 illorum
738 3635 888 3728 faciam.
937 3632 1016 3699 Hoe
