2258 3998
301 114 791 195 woraruruvu
978 143 1026 213 99

67 290 167 367 liare,
193 300 326 373 mpero.
375 276 427 341 Ita
441 261 558 341 omnia
575 281 613 339 in
627 273 711 342 duas
723 278 838 367 'partis
855 279 1027 346 abstracta

67 409 170 471 sunt3
197 382 404 478 respublica,
431 404 519 471 quae
535 380 651 446 media
668 381 793 462 fuerat,
825 382 1020 451 dilacerata.

68 503 239 569 Ceterum
261 487 424 557 nobilitas
442 478 594 552 factione
622 494 731 577 magis
755 487 923 578 pollebat:
957 486 1028 580 ple·
1055 550 1061 567 ‚

14 638 17 642 ·
67 605 125 673 bis
149 607 200 670 vis
231 595 345 663 soluta
373 608 478 682 atque
508 590 680 682 dispersa,
717 599 755 658 in
783 593 1025 676 multitudine,

20 736 29 759 ι
68 716 190 779 minus
217 714 371 794 poterat3
416 720 611 789 paucorum
635 696 779 764 arbitrio
810 699 893 765 belli
922 699 1030 767 domi·

71 836 143 907 que
170 806 365 901 agitabatur
378 829 388 883 ;
423 825 530 893 penes
560 802 702 869 eosdem
732 812 923 887 aerarium,
954 826 1031 898 pro·

67 906 220 1017 'vinciae
248 917 482 1001 magistratus,
507 907 637 998 gloriae
652 910 894 1001 triumphique
913 926 1026 976 erant:

70 1020 228 1120 populus
253 1015 380 1083 militia
404 1029 509 1103 atque
537 1018 656 1102 inopia
679 1013 904 1104 vrguebatur3
938 1037 1032 1107 prae·

72 1131 136 1199 das
152 1123 292 1194 bellicas
310 1128 536 1210 imperatores
562 1140 643 1183 oum
661 1126 795 1217 paucis⁸
807 1121 1028 1211 diripiebant.
1109 1166 1112 1173 -

73 1240 215 1305 Interea
230 1244 416 1322 parentes,
446 1238 507 1288 aut
532 1229 634 1312 parui
666 1220 766 1290 liberi
797 1225 966 1306 militum,
995 1241 1035 1292 vt

76 1347 226 1435 quisque
243 1336 433 1424 potentiori
448 1325 592 1394 confinis
608 1344 694 1408 erat,
712 1328 848 1396 sedibus
862 1330 1036 1421 pelleban-

76 1467 148 1517 tur.
198 1443 249 1507 Ita
272 1461 354 1505 cum
376 1439 534 1524 potentia
556 1439 721 1512 auaritia,
750 1441 824 1500 sine
840 1436 945 1501 modo
965 1457 1036 1500 mo·

76 1555 261 1638 destiaque
283 1540 471 1617 inuadere;
502 1535 661 1628 polluere
685 1554 721 1603 et
746 1556 876 1606 vastare
897 1546 1035 1619 omnia,

79 1653 174 1728 nihil
197 1656 307 1743 pansi,
335 1667 449 1738 nequo
473 1649 584 1709 sancti
612 1642 755 1723 habere;
786 1645 897 1736 quoad
927 1661 1040 1712 semet

78 1775 159 1857 ipso
176 1757 429 1849 praecipitauit
479 1750 572 1817 Nam
595 1747 652 1815 vbi
676 1756 830 1839 primum
859 1759 916 1836 (ex
940 1751 1040 1817 nobi-

83 1870 204 1947 litate)
230 1864 361 1950 reperti
381 1872 475 1936 sunt,
509 1861 704 1945 quiveram
725 1854 872 1946 gloriam
892 1864 1042 1922 iniustae

80 1974 265 2070 potentiae
286 1978 557 2053 anteponerent:
594 1968 731 2026 moueri
754 1966 886 2042 ciuitas,
915 1979 950 2027 et
969 1984 1041 2051 per·

80 2081 211 2159 ,mixtio
249 2068 383 2148 ciuilis,
432 2071 528 2158 quasi
568 2063 732 2131 discessio
772 2083 886 2132 terrae
898 2114 909 2146 ,
958 2071 1044 2137 oriri

74 2187 216 2275 coepit.

98 2276 107 2286 ’
347 2280 423 2348 CA
435 2280 476 2344 P.
521 2274 782 2345 XXXVIII.

52 2398 54 2403 ’
159 2393 252 2462 Nam
275 2402 458 2485 postquam
481 2382 643 2448 Tiberius
662 2399 698 2448 et
716 2384 753 2449 C.
781 2383 945 2465 Graccus,
965 2406 1051 2475 quo·

84 2526 174 2583 ‚mm
198 2499 346 2565 maiores
372 2491 502 2555 Punico
529 2505 634 2578 atque
664 2487 740 2555 aliis
765 2489 863 2556 bellis
894 2488 1048 2573 multum

90 2600 308 2699 peipublicae
331 2594 546 2672 addiderant,
576 2594 750 2661 vindicare
776 2594 915 2686 plebem
941 2602 978 2661 in
1006 2592 1048 2660 li·

92 2718 268 2784 bertatem
296 2720 333 2771 et
361 2722 555 2791 paucorum
587 2698 716 2767 scelera
746 2701 941 2791 patefacere
970 2722 1050 2767 coe·

92 2841 197 2915 perez
228 2805 390 2878 nobilitas
409 2811 521 2883 noxia,
550 2820 655 2894 atque
681 2828 722 2870 eo
744 2805 912 2895 perculsa,
945 2804 1050 2871 modo

95 2950 162 3021 per
190 2924 301 3011 socios
331 2936 372 2979 ac
401 2933 530 2977 nomen
557 2910 739 2988 Latinum,
781 2911 959 2979 Interdum
987 2932 1052 2999 per

96 3036 236 3123 equites
261 3023 452 3098 Romanos,
490 3039 575 3105 quos
602 3038 678 3104 spes
705 3022 879 3083 societatis
907 3042 925 3082 a
950 3014 1053 3106 pleba

58 3152 61 3157 ’
102 3138 314 3206 dimouerat,
341 3126 558 3192 Graecorum
578 3119 773 3187 actionibus
792 3120 932 3187 obuiam
949 3127 1052 3185 ierat:

96 3224 138 3321 ¹‚et
169 3222 283 3330 primo
316 3229 519 3306 Tiberium,
564 3224 646 3291 dein
678 3249 805 3315 paucos
837 3242 915 3316 post
932 3247 1053 3291 annos

74 3342 78 3353 ’
100 3347 225 3419 eadem
239 3334 492 3429 ingredientem
512 3330 647 3408 Caium,
672 3331 872 3397 Tribunum
891 3328 1053 3411 alterum,

100 3438 255 3525 alterum
281 3432 527 3509 Triumuirum
553 3433 698 3501 coloniis
723 3434 957 3514 deducendis,
975 3458 1056 3501 oum

101 3542 156 3635 Μ.
186 3550 313 3623 Fuluio
341 3543 464 3611 Flacco
494 3541 589 3608 ferro
616 3556 836 3613 uocauerant
902 3539 949 3607 Et
974 3562 1058 3607 sane

104 3648 267 3753 caepis,
300 3649 465 3743 cupidine
491 3652 673 3729 victoriae,
714 3645 924 3739 baudastis
949 3643 1077 3710 mobe-

621 3753 658 3823 G
685 3777 711 3827 a
