2258 3998
79 136 124 184 n
314 115 762 187 eoutvnarro

44 220 46 225 ¹
259 234 262 245 ’
389 274 721 342 naama

149 378 216 446 His
235 376 338 446 rebus
357 388 576 471 comparatis,
604 381 755 448 Catilina
780 379 892 446 nihilo
916 387 1033 451 minus

85 490 122 548 in
142 483 352 573 pronumum
369 496 501 552 annum
520 486 750 553 Consulatum
771 486 929 581 petebat;
956 511 1034 577 spe-

84 611 176 667 rans,
203 597 232 656 si
258 590 458 680 designatus
484 592 587 672 foret,
612 591 713 658 facile
734 616 770 658 se
791 617 831 658 ex
855 590 1036 658 voluntate

84 694 242 762 Antonio
260 677 418 761 vsurum.
445 750 448 758 .
475 698 601 789 Neque
624 707 756 763 interea
785 705 923 786 quietus
947 714 1034 776 erat,

85 800 144 865 sed
175 801 335 867 omnibus
367 800 479 869 modis
511 803 651 869 insidias
686 803 828 894 parabat
857 803 1031 868 Ciceroni.

84 904 209 995 Neque
228 905 280 972 illi
300 924 417 973 tamen
437 909 479 974 ed
499 909 694 976 cauendum
719 907 836 987 dolus,
864 923 926 973 aut
944 925 1037 972 astu-

85 1017 154 1076 tiae
180 1011 333 1078 deerant.
396 1015 558 1105 Namque
588 1039 608 1080 a
632 1021 806 1105 principio
838 1011 1038 1080 consulatus

85 1123 152 1191 sui,
182 1115 293 1183 multa
304 1116 504 1208 pollicendo
517 1143 581 1210 per
595 1119 767 1198 Fuluiam,
801 1119 976 1197 effecerat,
1001 1134 1040 1185 vt

86 1223 129 1306 Q.
157 1221 294 1300 Curius,
322 1224 365 1288 de
389 1249 458 1314 quo
479 1224 598 1317 paullo
623 1242 703 1295 ante
721 1210 935 1302 memoratu(
955 1247 1039 1291 con-

87 1323 171 1391 silia
182 1326 353 1395 Catilinae
374 1331 440 1396 sibi
463 1332 636 1422 proderet.
686 1329 742 1395 Ad
762 1329 847 1407 hoc,
868 1327 1040 1418 collegam
1067 1368 1072 1373 >

87 1454 191 1497 suum
225 1427 422 1502 Antonium
453 1445 615 1527 pactione
649 1441 851 1527 prouinciae
881 1434 1042 1524 perpule-

86 1553 151 1613 tat,
177 1563 222 1604 ne
241 1557 362 1607 contra
383 1542 635 1632 rempublicam
659 1548 815 1605 sentiret.
845 1546 978 1605 circum
1003 1562 1042 1606 se

87 1644 258 1730 praesidia
276 1654 471 1711 amicorum
494 1665 597 1735 atque
623 1646 807 1712 clientium
829 1643 966 1711 occulte
987 1643 1043 1711 ha·
1073 1652 1078 1663 '

87 1745 199 1811 bebat.
272 1751 458 1840 Postquam
491 1750 564 1817 dies
597 1755 820 1816 comitiorum
850 1757 964 1828 veuit,
1005 1767 1043 1818 et

55 1903 56 1906 ,
90 1849 262 1916 Catilinae
291 1878 404 1944 neque
429 1862 575 1946 petitio,
613 1876 726 1944 neque
759 1854 923 1933 insidiae,
958 1878 1042 1944 quas

92 1953 301 2023 Consulibus
323 1965 361 2023 in
388 1984 510 2052 eampo
534 1961 675 2037 fecerat,
695 1982 861 2049 prospere
883 1982 1039 2038 cessere3

91 2068 276 2128 constituit
300 2063 431 2131 bellum
456 2066 568 2132 facere
593 2081 629 2131 et
657 2080 811 2131 extrema
839 2070 957 2131 omnia
986 2087 1046 2129 ex·

90 2172 217 2254 periri:
245 2177 410 2259 quoniam
434 2195 523 2261 quae
538 2168 674 2239 occulte
689 2185 897 2253 teutauerat,
924 2192 1046 2261 aspere

91 2269 261 2363 foedaque
288 2294 488 2365 euenerant.

393 2414 524 2522 aar.
564 2454 737 2548 XXJJJ.

159 2587 271 2676 Igitur
300 2591 339 2658 C.
372 2592 547 2658 Manlium
578 2591 736 2658 Faesulas
765 2606 870 2681 atque
886 2597 935 2655 in
967 2613 1047 2657 eam

91 2710 230 2779 partem
255 2697 428 2776 Etruriae,
461 2699 675 2788 Septimium
695 2697 881 2787 quemdam
904 2697 1048 2761 Camer-

93 2812 167 2861 tem
190 2805 227 2864 in
245 2825 366 2890 agrum
384 2804 568 2882 Picenum,
594 2794 633 2868 C.
663 2802 792 2868 Iulium
816 2809 853 2867 in
880 2800 1049 2890 Apuliam

93 2900 227 2967 dimisit
235 2928 244 2982 ;
275 2922 454 2995 practerea
476 2903 587 2975 aliurn
612 2907 692 2986 alio,
722 2931 828 2997 quem
844 2906 970 2995 vbique
990 2930 1050 2995 op·

92 3023 287 3096 portunum
303 3013 473 3080 credebat.
523 3017 659 3081 Interea
675 3016 806 3079 Romae
818 3009 928 3077 multa
941 3009 1049 3078 simul

93 3111 236 3194 moliri3
266 3102 412 3185 Consuli
430 3120 569 3186 insidias
592 3121 755 3199 tendere,
782 3139 904 3208 parare
927 3123 1050 3180 incen-

61 3294 69 3309 Ι
95 3216 168 3298 dia,
200 3241 397 3313 opportuna
423 3224 498 3293 loca
523 3218 662 3292 armatis
689 3223 889 3290 hominibus
913 3221 1050 3287 obside-

75 3346 149 3413 Ire:
177 3332 252 3416 ipse
273 3354 355 3395 cum
374 3330 444 3395 telo
465 3354 553 3410 esse,
579 3339 666 3395 item
684 3329 768 3396 alios
790 3329 932 3395 iubere:
967 3327 1050 3390 hor-

94 3436 181 3509 tari,
210 3441 260 3515 uti
288 3458 426 3529 semper
453 3443 582 3502 intenti
607 3441 788 3525 paratique
813 3449 943 3500 essent:
975 3431 1049 3498 dies

95 3552 285 3628 noctesque
312 3539 494 3620 festinare,
514 3538 687 3630 frigilem,
724 3563 837 3629 neque
867 3543 1050 3603 insomniis
1076 3588 1082 3597 .

96 3662 209 3730 neque
233 3641 350 3712 labore
367 3646 514 3736 fatigari.
564 3647 745 3712 Postremo
766 3645 823 3713 vbi
845 3642 959 3711 multa
978 3649 1053 3733 agi-
