2258 3998
142 589 236 653 perae
261 571 398 652 pretium
421 589 473 630 me
500 569 659 629 iacturum
681 589 745 630 esse
767 558 1001 639 arbitror‚sau·

110 704 113 708 -
162 667 310 749 spicando
337 687 420 727 meas
441 669 476 727 in
498 665 675 727 Sallustium
699 687 803 736 curas,
830 668 904 727 cu'm
927 668 1021 737 vba-¹
1113 674 1115 679 ’

49 763 136 829 'tiore
168 765 375 847 descriptione
429 764 594 826 Verst‘om‘s
642 763 852 845 hispanicae,
914 768 1002 826 cuius
1095 806 1101 813 .

50 882 143 925 veum
178 861 256 921 mihi
286 861 479 944 perbenigne
506 859 656 921 concessit
684 858 907 923 lllustrissimus
942 861 1004 922 Co-

51 978 120 1021 mes
153 958 450 1019 dalimanno.
506 957 589 1017 Nam
621 958 666 1015 vti
692 976 750 1027 ea,
794 956 845 1016 vel
874 959 909 1017 in
939 960 1005 1040 ipsa

51 1044 220 1136 Hispania,
249 1056 368 1116 nonin
396 1074 506 1114 marius
533 1054 729 1133 priuatorum
751 1052 916 1141 hominum
938 1050 1010 1139 per-j

51 1155 142 1212 venit
160 1167 193 1211 et
212 1167 316 1211 tamen
336 1153 369 1210 in
389 1149 589 1234 sequentibus
606 1152 726 1230 saepius
746 1151 787 1210 ad
808 1160 1006 1216 camnecur·

53 1249 192 1310 rendum
213 1251 288 1308 erit':
313 1250 355 1308 ita
375 1250 439 1329 ipsa
459 1267 517 1327 per
537 1266 569 1307 se
592 1248 736 1308 omnium
758 1247 900 1318 aliarum',
924 1264 1010 1332 quae
1103 1310 1106 1315 Α

52 1366 196 1428 vnquam
217 1345 419 1426 scriptoribus
443 1344 577 1425 antiquis
602 1344 810 1426 contigerunt,
838 1344 932 1431 longe
956 1368 1008 1407 ex-

56 1441 152 1512 cellit,
175 1457 243 1501 tum
259 1456 404 1503 ornatum
422 1455 516 1522 atque
530 1436 728 1518 splendorem
743 1455 921 1511 externum,
941 1450 1014 1509 tum

56 1542 240 1599 uniuersum
265 1552 462 1620 apparatum,
493 1551 561 1595 tum
584 1536 718 1594 maxime
739 1539 954 1601 auctoritatem
978 1540 1011 1605 fi.

58 1636 217 1719 demque3
237 1650 387 1717 tanquam
404 1653 483 1714 opus
498 1630 663 1691 Celsissimi
675 1622 823 1716 Principis
842 1635 1010 1704 German
1026 1618 1043 1647 ⁸

59 1731 102 1794 dc
122 1735 290 1802 Bouron,
317 1730 448 1820 Infantis
472 1729 671 1826 Hispaniae.
748 1778 751 1782 Α

120 1824 266 1891 Prodiit
257 1844 364 1912 itaque
386 1814 470 1887 anno
491 1816 583 1886 huius
599 1800 696 1885 seculi
717 1825 867 1889 LXXII
857 1851 891 1892 tn
909 1831 1013 1897 forma

15 1978 18 1983 ,
60 1941 174 2011 quarta
193 1928 338 1995 maxima,
367 1925 514 2004 impressa
540 1920 673 1983 Chartae
693 1924 894 1986 membranae
919 1929 1014 1990 simili

59 2024 200 2086 latissimi
215 2023 362 2105 marginis
379 2019 488 2080 formis
508 2017 683 2079 litterarum
700 2018 938 2101 elegantissimis,
960 2047 1014 2086 va·

63 2121 176 2202 ricque
199 2133 325 2186 ornata,
352 2135 391 2174 ex
409 2114 537 2176 officina
558 2115 694 2174 Ioanm's
712 2116 846 2176 Ibarrae
862 2121 1015 2200 praeclari
1073 2188 1076 2193 ,

64 2208 239 2279 admodum
262 2214 333 2272 artis
353 2231 426 2271 suaa
452 2202 589 2293 magistri
613 2211 647 2269 in
673 2210 751 2269 vrbe
766 2216 852 2296 regia
872 2216 1010 2280 Madrid.
1111 2260 1116 2275 ,

65 2312 223 2374 Praefixus
258 2310 289 2369 ei
328 2322 374 2367 est
406 2325 484 2366 vnus
516 2306 612 2367 index
640 2305 745 2367 breuis
777 2307 932 2394 eleganti¹
947 2317 1016 2378 sim·

20 2496 23 2501 Ι
66 2409 204 2501 plicitata
223 2428 255 2469 se
273 2388 496 2467 commendans
622 2459 625 2466 ,

439 2499 649 2576 CAYO

215 2646 219 2653 ·
255 2631 576 2702 SALVSTIO
611 2631 841 2704 CRISPO

375 2752 440 2807 ΕΝ
474 2735 725 2835 asarmot

70 2865 149 2929 alter
168 2861 333 2948 primarius
355 2859 427 2920 hic:

269 2973 346 3044 LA
381 2972 826 3043 CONIVRACION

440 3076 652 3175 decoctiina
784 3083 785 3087 ’

366 3271 434 3326 LA
480 3196 725 3328 olianus

437 3358 480 3420 de
498 3360 662 3438 Iugurtha

284 3533 288 3539 ’
327 3545 456 3609 ct1o
497 3476 777 3607 siivsrto

451 3624 644 3706 serisso,
