2258 3998
106 144 175 187 <roo
429 76 816 186 BELLVMs·

100 293 201 344 ratus
230 282 366 343 animus
390 272 469 340 fuit.
519 270 589 340 Sed
616 270 709 340 bono
738 276 833 340 vinci
861 272 968 339 setius
994 286 1061 363 est,

107 406 213 472 quam
246 379 340 448 malo
367 402 469 446 more
495 340 661 445 iniuriam
686 383 837 445 vincere.
886 368 1000 468 igitur
1023 399 1064 444 ea

107 493 254 554 victoria
282 484 445 567 nobilitas
476 500 517 551 ex
543 481 702 551 lubidine
729 506 791 550 sue
817 492 892 563 vsa,
930 480 1063 551 multos

107 591 265 662 mortalis
289 591 400 671 ferro,
433 606 495 657 aut
520 588 604 682 fuga
628 595 788 656 exstinxit
795 614 806 670 ς
842 587 1001 685 ‘plusque
1026 595 1064 655 in

107 698 284 789 reliquum
302 696 368 762 sibi
387 702 541 777 timoris,
568 718 676 788 quam
694 688 885 787 potentiae,
913 693 1058 761 addidit.

108 805 208 892 Quae
239 826 294 869 res
323 801 531 894 plerumque
560 822 701 893 magnas
736 806 888 867 'ciuitatis
922 810 1064 891 pessum

108 909 222 989 dedit3
251 908 337 975 dum
359 906 462 974 alteri
485 906 612 975 alteros
632 913 772 978 vincere
796 905 1061 997 quommodo,

108 1032 144 1082 et
162 1021 271 1082 victos
292 1012 449 1080 acerbius
469 1011 588 1080 ulcisci
609 1009 742 1078 volunt.
792 1010 862 1078 Sed
878 1010 923 1079 de
940 1011 1073 1079 studiis.

105 1127 264 1211 partium
288 1135 325 1184 et
349 1117 511 1185 omnibus
537 1124 689 1185 ciuitatis
716 1117 873 1184 moribus
898 1123 928 1182 si
950 1123 1064 1208 singu·

108 1224 225 1305 latim,
269 1239 331 1290 aut
360 1246 425 1314 pro
455 1222 695 1315 magnitudine
727 1244 849 1313 parem
880 1220 1060 1304 disserere,

108 1346 259 1421 tempus,
291 1352 398 1420 quam
421 1350 492 1408 res,
522 1323 692 1396 maturius
719 1324 866 1395 deierat.
931 1326 1063 1417 Quam·-

109 1435 231 1503 obrem
251 1434 295 1502 ad
318 1440 500 1526 inceptum
520 1433 635 1501 redeo.

395 1611 527 1680 CAP.
574 1604 779 1681 XXXIX.

175 1755 258 1819 Post
279 1748 364 1817 Auli
388 1748 511 1817 foedus
529 1758 767 1842 exercitusque
789 1756 900 1819 nostri
923 1751 1062 1819 foedam

109 1859 240 1947 fugam,
270 1858 313 1944 Q.
332 1854 499 1922 Metellus
524 1872 561 1922 et
581 1857 631 1922 M.
656 1856 792 1924 Silanus
814 1856 985 1924 Consules
1003 1858 1063 1924 de·

110 1969 237 2050 signati
268 1966 500 2053 (prouincias)
531 1966 625 2028 inter
653 1986 689 2028 se
717 1974 944 2052 parauerunt3
984 1964 1063 2030 Me·

109 2066 266 2158 telloque
286 2062 454 2142 Numidia
477 2083 654 2157 euenerat,
682 2077 753 2135 acri
773 2075 859 2152 viro,
887 2086 924 2135 et
948 2092 1063 2160 quam·

110 2196 216 2263 quam
250 2173 396 2240 aduorso
431 2172 556 2265 populi
592 2182 771 2265 partium,
813 2172 904 2240 fama
942 2190 1061 2240 tamen

109 2277 283 2367 aequabili
310 2297 346 2346 et
371 2276 546 2346 inuiolata.
618 2280 650 2345 Is
677 2279 735 2346 vbi
760 2284 916 2369 primum
942 2286 1062 2369 magis·

110 2401 243 2451 tratum
273 2389 445 2476 ingressus
468 2398 532 2464 ast,
551 2380 628 2462 ,alia
649 2391 769 2450 omnia
794 2384 859 2452 sibi
883 2409 965 2451 cum
990 2384 1062 2452 col·

110 2487 188 2578 lega
209 2507 316 2568 ratus,
348 2490 391 2556 ad
412 2488 556 2570 bellum,
585 2488 679 2580 quod
703 2505 862 2580 gesturus
883 2506 969 2570 erat,
995 2494 1062 2557 ani·

110 2618 210 2659 mum
231 2594 394 2661 intendit.
441 2596 554 2686 igitur
573 2592 734 2663 diffidens
753 2602 862 2663 veteri
880 2602 1059 2678 exercitui,

110 2698 241 2767 milites
273 2701 443 2780 scribere,
483 2698 651 2792 praesidia
684 2700 838 2792 undique
866 2725 1056 2770 arcesseret

109 2825 218 2883 arma,
236 2803 327 2884 tela,
356 2829 476 2898 equos,
516 2822 633 2873 cetera
656 2813 889 2873 instrumenta
913 2805 1062 2875 militiae

109 2933 252 3000 parare3
284 2911 328 2976 ad
357 2911 425 2983 hoc
452 2928 687 2978 commeatum
716 2911 871 2992 affatim
909 2912 1061 3005 denique

109 3022 246 3095 omnia,
284 3039 372 3107 quae
404 3015 496 3084 bello
528 3025 624 3085 vario
651 3033 688 3082 et
718 3016 910 3084 multarum
941 3041 1061 3085 rerum

108 3127 227 3211 egenti
244 3127 321 3187 vsui
339 3144 412 3188 esse
428 3121 551 3189 solent.
600 3124 767 3190 Ceterum
781 3122 824 3190 ad
838 3146 878 3190 ea
892 3125 1062 3215 patranda

106 3227 230 3293 Senuti
249 3235 458 3301 auctoritate
474 3234 558 3295 socii
578 3238 778 3319 nomenque
795 3229 975 3310 Latinum,
1005 3253 1061 3298 re·

108 3353 167 3420 ges
186 3330 278 3398 vltro
291 3331 417 3398 auxilia
429 3340 587 3413 mittere3
612 3352 791 3424 postremo
805 3341 918 3402 omnis
937 3340 1059 3404 ciuitas

107 3459 247 3509 summo
259 3430 374 3505 subdio
388 3437 614 3505 adnitebatur.
663 3442 797 3531 Itaque,
821 3464 871 3509 ex
886 3448 1060 3510 sententia

108 3541 269 3608 omnibus
290 3543 392 3611 rebus
414 3550 541 3637 paratis
566 3552 857 3639 compositisque,
882 3551 918 3614 in
936 3546 1059 3614 Numi·

101 3646 195 3712 diam
209 3647 459 3736 proficiscitur,
489 3668 614 3743 magna
632 3672 693 3743 spa
712 3650 858 3737 ciuium,
885 3650 968 3723 edm
981 3675 1057 3744 pre
