2258 3998
128 109 194 179 sos
450 106 753 179 uutuvst

123 283 163 335 et
179 284 280 337 aestu
295 261 481 357 languidis,
509 260 689 346 Metellus,
715 262 776 333 vbi
796 262 894 337 ridet
909 250 1084 337 Numsdsi

124 378 242 445 minus
268 354 417 452 iustam,
449 367 635 461 paullatim
655 367 787 437 milites
807 375 846 436 iu
868 354 981 442 'vnum
1006 392 1085 437 con·

123 478 237 559 ducit,
264 475 403 545 ordines
427 481 603 555 restituit,
633 491 671 543 et
691 475 853 543 cohortes
876 473 1085 564 legionarias

126 608 207 653 1111.
234 581 422 651 aduersum
440 580 576 673 pedites
597 582 754 649 hostium
770 578 930 649 oollocat.
960 602 1086 651 eorum

126 713 253 783 magne
276 710 357 779 pars
383 685 622 778 superioribus
645 685 731 754 loeis
758 685 845 755 fessa
866 685 1080 753 consederat.

126 793 246 865 Simul
273 815 384 873 orare,
410 793 545 863 hortari
565 790 708 872 milites,
735 816 779 863 ne
795 791 992 880 deficerent,
1016 816 1088 859 neu

121 917 325 993 paterentur
349 898 456 963 hostis
473 897 652 991 flagrem
676 901 814 967 vincere
825 923 840 975 ,-
873 922 986 989 neque
1012 900 1087 963 illis

126 1025 242 1079 eastra
257 1028 337 1083 erse,
366 1026 479 1095 neque
501 1007 758 1075 munimntum
783 1005 922 1084 vitum,
940 1026 1011 1095 quo
1031 1026 1085 1069 ce-

124 1113 242 1177 dentes
266 1109 460 1175 tenderent.-
488 1111 528 1173 in
548 1113 656 1175 armis
679 1113 801 1179 omnia
822 1113 901 1175 sita.
951 1106 1021 1175 Sed
1037 1130 1085 1175 ne

124 1213 292 1308 Iugurtha
327 1213 472 1306 quidem
507 1219 641 1279 interea
673 1220 837 1305 quietus=
882 1218 1082 1290 cirrumire,

123 1321 277 1400 hortari,
318 1340 488 1387 renouare
522 1315 716 1410 praelium,
757 1335 794 1389 et
819 1324 894 1409 ipse
926 1342 1008 1389 eum
1031 1317 1083 1384 di-

122 1424 227 1495 lectis
254 1440 390 1493 tentare
420 1428 561 1501 omnia3
589 1423 777 1490 subuenire
805 1430 897 1503 suis,
926 1421 1083 1503 hostibus

121 1532 241 1601 dubiis
268 1529 410 1607 instare,
438 1551 525 1619 quos,
546 1526 667 1599 firmos
692 1545 918 1623 cognouerat,
945 1535 1083 1597 eminus

123 1637 315 1732 pugnando
340 1641 504 1705 retinere.

228 1796 262 1900 ᾗ
363 1765 369 1773 ’
410 1810 541 1879 οΑΡ.
577 1811 788 1879 XLVIII.
892 1790 897 1799 '

191 1954 244 2022 Eo
274 1950 380 2019 modo
406 1956 501 2016 iuter
529 1973 567 2017 se
593 1950 663 2017 duo
695 1957 922 2044 imperatores
952 1962 1084 2023 summi

124 2066 204 2139 viri,
235 2057 435 2135 certabant;
468 2062 536 2147 ipsi
556 2079 666 2148 peres,
692 2075 851 2127 ceterum
866 2059 999 2155 ¹opibus
1018 2061 1084 2127 dis·

116 2164 276 2259 paribus.
325 2162 419 2230 Nem
441 2160 590 2229 Metello
611 2170 720 2230 virtus
744 2165 899 2233 militum
920 2183 1007 2245 erat,
1036 2164 1084 2230 lo·

126 2295 187 2338 eus
213 2270 408 2347 aduersus;
450 2268 639 2360 Iugurthae
666 2267 734 2335 alia
761 2278 902 2350 omnia,
942 2287 1083 2361 praeter

123 2374 274 2456 milites,
301 2391 509 2466 opportuna.
567 2375 729 2466 Denique
753 2376 920 2455 Romani,
946 2375 1005 2443 vbi
1033 2382 1082 2440 in·

123 2482 316 2574 tellegunt‚
343 2502 457 2570 neque
477 2478 544 2546 sibi
568 2480 767 2571 perfugium
788 2504 873 2562 esse,
902 2505 1017 2573 neque
1037 2480 1081 2546 ab

21 2600 24 2612 '
125 2588 227 2654 hoste
243 2591 382 2675 copiam
405 2584 585 2675 pugnandi
608 2585 698 2664 fieri3
736 2601 772 2651 et
789 2592 858 2654 iam
885 2586 940 2654 die
960 2609 1082 2677 vesper

125 2708 216 2760 eret:
248 2691 396 2757 aduorso
424 2689 514 2758 colle
522 2740 533 2772 ,
565 2697 670 2758 sicuti
697 2709 924 2785 praeceptum
952 2692 1078 2772 fuerat,

124 2797 291 2865 euadunt.
325 2797 463 2864 Amisso
482 2795 572 2875 loco,
599 2797 776 2865 Numidae
798 2798 1078 2886 fusifugatique,

125 2908 229 2995 pauci
266 2907 432 2969 interiere
443 2927 454 2981 ς
496 2900 681 2995 plerosque
716 2903 880 2997 velociter
915 2921 952 2969 et
982 2909 1081 2990 regio

125 3007 281 3077 hostibus
310 3013 427 3099 ignara
455 3024 568 3076 tutata
590 3028 680 3077 sunt.
731 3012 868 3077 Interea
894 3007 1078 3088 Bomilcar,

125 3137 233 3207 quem
257 3098 450 3201 elephantis
473 3131 510 3181 et
537 3122 629 3204 parti
657 3122 839 3209 copiarum
864 3116 1080 3207 pedestrium

124 3220 342 3314 praefectum
362 3217 406 3285 ab
424 3220 594 3309 Iugurtha
609 3244 713 3312 supro
732 3222 894 3303 diximus,
919 3222 977 3289 vbi
995 3246 1080 3290 euru

124 3325 278 3396 Rutilius
305 3341 578 3417 praetergressus
611 3344 682 3407 est,
722 3328 906 3420 paullatim
930 3352 1011 3396 suos
1042 3336 1080 3393 in

125 3456 277 3524 aequum
311 3433 431 3501 locum
461 3431 622 3512 deducit,
660 3457 720 3514 ac,
753 3435 839 3501 dum
872 3433 1007 3526 legatus
1035 3433 1080 3498 sd
1112 3468 1116 3477 =

126 3538 269 3616 flumen,
302 3563 375 3630 quo
400 3543 609 3630 praemissus
637 3556 724 3618 erat,
753 3540 920 3607 festinans
933 3574 936 3579 ·
951 3540 1076 3628 pergit,

125 3650 281 3735 quietus,
313 3647 363 3711 vti
384 3667 439 3711 res
463 3642 672 3735 postulabat,
700 3652 812 3715 aciem
835 3660 1081 3737 euoruatsne·
