<?xml version="1.0" encoding="UTF-8"?>
<!DOCTYPE html PUBLIC "-//W3C//DTD XHTML 1.0 Transitional//EN"
    "http://www.w3.org/TR/xhtml1/DTD/xhtml1-transitional.dtd">
<html xmlns="http://www.w3.org/1999/xhtml" xml:lang="en" lang="en">
 <head>
  <title>
</title>
<meta http-equiv="Content-Type" content="text/html;charset=utf-8" />
  <meta name='ocr-system' content='tesseract 3.04.00' />
  <meta name='ocr-capabilities' content='ocr_page ocr_carea ocr_par ocr_line ocrx_word'/>
</head>
<body>
  <div class='ocr_page' id='page_1' title='image "./caivscrispvssal00sallgoog_0124.png"; bbox 0 0 2258 3998; ppageno 0'>
   <div class='ocr_carea' id='block_1_1' title="bbox 252 67 1016 217">
    <p class='ocr_par' dir='ltr' id='par_1_1' title="bbox 252 67 1016 217">
     <span class='ocr_line' id='line_1_1' title="bbox 252 67 1016 217; baseline 0.001 -39"><span class='ocrx_word' id='word_1_1' title='bbox 252 67 779 217; x_wconf 69' lang='lat' dir='ltr'>uvevauutuvu.</span> <span class='ocrx_word' id='word_1_2' title='bbox 948 132 1016 207; x_wconf 54' lang='grc' dir='ltr'>ιη</span> 
     </span>
    </p>
   </div>
   <div class='ocr_carea' id='block_1_2' title="bbox 53 264 1016 1099">
    <p class='ocr_par' dir='ltr' id='par_1_2' title="bbox 53 264 1016 1099">
     <span class='ocr_line' id='line_1_2' title="bbox 56 264 1013 361; baseline 0.002 -26"><span class='ocrx_word' id='word_1_3' title='bbox 56 290 128 359; x_wconf 87' lang='lat' dir='ltr'>que</span> <span class='ocrx_word' id='word_1_4' title='bbox 150 272 315 349; x_wconf 80' lang='lat' dir='ltr'><strong>remittit,</strong></span> <span class='ocrx_word' id='word_1_5' title='bbox 347 266 431 360; x_wconf 91' lang='lat' dir='ltr'>quid</span> <span class='ocrx_word' id='word_1_6' title='bbox 455 264 583 359; x_wconf 76' lang='lat' dir='ltr'>ubique</span> <span class='ocrx_word' id='word_1_7' title='bbox 606 265 717 334; x_wconf 83' lang='lat' dir='ltr'>hostis</span> <span class='ocrx_word' id='word_1_8' title='bbox 738 283 869 360; x_wconf 77' lang='lat' dir='ltr'>ageret,</span> <span class='ocrx_word' id='word_1_9' title='bbox 895 265 1013 361; x_wconf 78' lang='lat' dir='ltr'>explo-</span> 
     </span>
     <span class='ocr_line' id='line_1_3' title="bbox 55 370 1015 466; baseline 0.004 -26"><span class='ocrx_word' id='word_1_10' title='bbox 55 396 146 441; x_wconf 85' lang='lat' dir='ltr'>rare.</span> <span class='ocrx_word' id='word_1_11' title='bbox 217 374 405 466; x_wconf 81' lang='lat' dir='ltr'>Postquam</span> <span class='ocrx_word' id='word_1_12' title='bbox 436 370 611 442; x_wconf 81' lang='lat' dir='ltr'>Rutilium</span> <span class='ocrx_word' id='word_1_13' title='bbox 638 370 834 440; x_wconf 70' lang='lat' dir='ltr'><strong>consedisse</strong></span> <span class='ocrx_word' id='word_1_14' title='bbox 859 378 946 461; x_wconf 82' lang='lat' dir='ltr'>iam,</span> <span class='ocrx_word' id='word_1_15' title='bbox 976 389 1015 445; x_wconf 83' lang='lat' dir='ltr'>et</span> 
     </span>
     <span class='ocr_line' id='line_1_4' title="bbox 54 476 1016 572; baseline 0 -24"><span class='ocrx_word' id='word_1_16' title='bbox 54 489 179 559; x_wconf 74' lang='lat' dir='ltr'>animd</span> <span class='ocrx_word' id='word_1_17' title='bbox 194 500 349 549; x_wconf 83' lang='lat' dir='ltr'>-teouum</span> <span class='ocrx_word' id='word_1_18' title='bbox 373 486 524 572; x_wconf 73' lang='lat' dir='ltr'>accepit,</span> <span class='ocrx_word' id='word_1_19' title='bbox 560 476 736 570; x_wconf 87' lang='lat' dir='ltr'>simulque</span> <span class='ocrx_word' id='word_1_20' title='bbox 760 499 801 544; x_wconf 86' lang='lat' dir='ltr'>ex</span> <span class='ocrx_word' id='word_1_21' title='bbox 823 480 1016 570; x_wconf 76' lang='lat' dir='ltr'>Iugurthae</span> 
     </span>
     <span class='ocr_line' id='line_1_5' title="bbox 53 582 1012 677; baseline 0.003 -26"><span class='ocrx_word' id='word_1_22' title='bbox 53 583 192 677; x_wconf 88' lang='lat' dir='ltr'>praelio</span> <span class='ocrx_word' id='word_1_23' title='bbox 220 583 410 653; x_wconf 87' lang='lat' dir='ltr'>clamorem</span> <span class='ocrx_word' id='word_1_24' title='bbox 436 590 573 675; x_wconf 76' lang='lat' dir='ltr'>augeri:</span> <span class='ocrx_word' id='word_1_25' title='bbox 615 591 763 666; x_wconf 78' lang='lat' dir='ltr'>ueritus,</span> <span class='ocrx_word' id='word_1_26' title='bbox 795 606 841 651; x_wconf 88' lang='lat' dir='ltr'>ne</span> <span class='ocrx_word' id='word_1_27' title='bbox 865 582 1012 675; x_wconf 82' lang='lat' dir='ltr'>legatus,</span> 
     </span>
     <span class='ocr_line' id='line_1_6' title="bbox 54 687 1012 782; baseline 0.001 -24"><span class='ocrx_word' id='word_1_28' title='bbox 54 695 262 782; x_wconf 76' lang='lat' dir='ltr'>cognitore,</span> <span class='ocrx_word' id='word_1_29' title='bbox 285 688 520 757; x_wconf 78' lang='lat' dir='ltr'><strong>laborantibus</strong></span> <span class='ocrx_word' id='word_1_30' title='bbox 538 695 609 757; x_wconf 86' lang='lat' dir='ltr'>suis</span> <span class='ocrx_word' id='word_1_31' title='bbox 623 687 752 756; x_wconf 86' lang='lat' dir='ltr'>auxilio</span> <span class='ocrx_word' id='word_1_32' title='bbox 765 687 868 770; x_wconf 79' lang='lat' dir='ltr'>foret,</span> <span class='ocrx_word' id='word_1_33' title='bbox 886 696 1012 776; x_wconf 79' lang='lat' dir='ltr'>aciem,</span> 
     </span>
     <span class='ocr_line' id='line_1_7' title="bbox 54 792 1014 888; baseline 0.002 -27"><span class='ocrx_word' id='word_1_34' title='bbox 54 819 163 888; x_wconf 88' lang='lat' dir='ltr'>quam</span> <span class='ocrx_word' id='word_1_35' title='bbox 193 794 355 862; x_wconf 86' lang='lat' dir='ltr'>diffidens</span> <span class='ocrx_word' id='word_1_36' title='bbox 389 801 513 864; x_wconf 85' lang='lat' dir='ltr'>virtuti</span> <span class='ocrx_word' id='word_1_37' title='bbox 541 792 698 875; x_wconf 82' lang='lat' dir='ltr'>militum</span> <span class='ocrx_word' id='word_1_38' title='bbox 728 808 804 861; x_wconf 85' lang='lat' dir='ltr'>arte</span> <span class='ocrx_word' id='word_1_39' title='bbox 829 809 1014 879; x_wconf 74' lang='lat' dir='ltr'><strong>statuerat,</strong></span> 
     </span>
     <span class='ocr_line' id='line_1_8' title="bbox 54 896 1014 994; baseline 0.001 -25"><span class='ocrx_word' id='word_1_40' title='bbox 54 924 129 992; x_wconf 91' lang='lat' dir='ltr'>quo</span> <span class='ocrx_word' id='word_1_41' title='bbox 156 901 309 968; x_wconf 88' lang='lat' dir='ltr'>hostium</span> <span class='ocrx_word' id='word_1_42' title='bbox 336 903 454 969; x_wconf 89' lang='lat' dir='ltr'>itineri</span> <span class='ocrx_word' id='word_1_43' title='bbox 486 897 664 981; x_wconf 85' lang='lat' dir='ltr'>obficeret,</span> <span class='ocrx_word' id='word_1_44' title='bbox 706 896 810 966; x_wconf 84' lang='lat' dir='ltr'>latius</span> <span class='ocrx_word' id='word_1_45' title='bbox 845 906 1014 994; x_wconf 68' lang='lat' dir='ltr'>porrigitt</span> 
     </span>
     <span class='ocr_line' id='line_1_9' title="bbox 54 1002 838 1099; baseline 0 -25"><span class='ocrx_word' id='word_1_46' title='bbox 54 1028 172 1099; x_wconf 87' lang='lat' dir='ltr'>eoque</span> <span class='ocrx_word' id='word_1_47' title='bbox 195 1005 302 1072; x_wconf 89' lang='lat' dir='ltr'>modo</span> <span class='ocrx_word' id='word_1_48' title='bbox 326 1004 370 1073; x_wconf 89' lang='lat' dir='ltr'>ad</span> <span class='ocrx_word' id='word_1_49' title='bbox 391 1002 516 1073; x_wconf 87' lang='lat' dir='ltr'>Rutilii</span> <span class='ocrx_word' id='word_1_50' title='bbox 536 1021 646 1072; x_wconf 85' lang='lat' dir='ltr'>castra</span> <span class='ocrx_word' id='word_1_51' title='bbox 669 1004 838 1095; x_wconf 84' lang='lat' dir='ltr'>procedit.</span> 
     </span>
    </p>
   </div>
   <div class='ocr_carea' id='block_1_3' title="bbox 365 1182 698 1253">
    <p class='ocr_par' dir='ltr' id='par_1_3' title="bbox 365 1182 698 1253">
     <span class='ocr_line' id='line_1_10' title="bbox 365 1182 698 1253; baseline -0.009 0"><span class='ocrx_word' id='word_1_52' title='bbox 365 1184 498 1253; x_wconf 83' lang='lat' dir='ltr'><em>CAP.</em></span> <span class='ocrx_word' id='word_1_53' title='bbox 547 1182 698 1252; x_wconf 89' lang='lat' dir='ltr'><em>XLIX.</em></span> 
     </span>
    </p>
   </div>
   <div class='ocr_carea' id='block_1_4' title="bbox 30 1320 1124 3736">
    <p class='ocr_par' dir='ltr' id='par_1_4' title="bbox 54 1320 1075 2994">
     <span class='ocr_line' id='line_1_11' title="bbox 124 1320 1014 1417; baseline 0.003 -26"><span class='ocrx_word' id='word_1_54' title='bbox 124 1323 274 1391; x_wconf 86' lang='lat' dir='ltr'>Romani</span> <span class='ocrx_word' id='word_1_55' title='bbox 299 1347 341 1390; x_wconf 83' lang='lat' dir='ltr'>ex</span> <span class='ocrx_word' id='word_1_56' title='bbox 360 1330 554 1415; x_wconf 88' lang='lat' dir='ltr'>improuiso</span> <span class='ocrx_word' id='word_1_57' title='bbox 579 1320 735 1414; x_wconf 87' lang='lat' dir='ltr'>pulueris</span> <span class='ocrx_word' id='word_1_58' title='bbox 761 1329 832 1391; x_wconf 85' lang='lat' dir='ltr'>vim</span> <span class='ocrx_word' id='word_1_59' title='bbox 849 1347 1014 1417; x_wconf 77' lang='lat' dir='ltr'>maguam</span> 
     </span>
     <span class='ocr_line' id='line_1_12' title="bbox 56 1422 1014 1519; baseline 0.002 -22"><span class='ocrx_word' id='word_1_60' title='bbox 56 1428 347 1497; x_wconf 75' lang='lat' dir='ltr'>enlmaduortunt</span> <span class='ocrx_word' id='word_1_61' title='bbox 359 1456 370 1509; x_wconf 73' lang='grc' dir='ltr'><strong><em>ς</em></strong></span> <span class='ocrx_word' id='word_1_62' title='bbox 398 1452 480 1494; x_wconf 88' lang='lat' dir='ltr'>nam</span> <span class='ocrx_word' id='word_1_63' title='bbox 506 1440 732 1518; x_wconf 85' lang='lat' dir='ltr'>prospectum</span> <span class='ocrx_word' id='word_1_64' title='bbox 758 1452 841 1519; x_wconf 82' lang='lat' dir='ltr'>ager</span> <span class='ocrx_word' id='word_1_65' title='bbox 863 1422 1014 1500; x_wconf 79' lang='lat' dir='ltr'>arbustis</span> 
     </span>
     <span class='ocr_line' id='line_1_13' title="bbox 55 1531 1016 1624; baseline 0.002 -23"><span class='ocrx_word' id='word_1_66' title='bbox 55 1539 213 1602; x_wconf 83' lang='lat' dir='ltr'>consitus</span> <span class='ocrx_word' id='word_1_67' title='bbox 249 1531 464 1624; x_wconf 81' lang='lat' dir='ltr'>prohibebat.</span> <span class='ocrx_word' id='word_1_68' title='bbox 534 1532 582 1598; x_wconf 89' lang='lat' dir='ltr'>Et</span> <span class='ocrx_word' id='word_1_69' title='bbox 612 1540 728 1622; x_wconf 88' lang='lat' dir='ltr'>primo</span> <span class='ocrx_word' id='word_1_70' title='bbox 761 1538 829 1599; x_wconf 88' lang='lat' dir='ltr'>rati</span> <span class='ocrx_word' id='word_1_71' title='bbox 863 1534 1016 1603; x_wconf 90' lang='lat' dir='ltr'>humum</span> 
     </span>
     <span class='ocr_line' id='line_1_14' title="bbox 54 1634 1075 1730; baseline 0.003 -24"><span class='ocrx_word' id='word_1_72' title='bbox 54 1638 193 1706; x_wconf 82' lang='lat' dir='ltr'>aridem</span> <span class='ocrx_word' id='word_1_73' title='bbox 215 1655 319 1706; x_wconf 84' lang='lat' dir='ltr'>vento</span> <span class='ocrx_word' id='word_1_74' title='bbox 343 1643 485 1730; x_wconf 79' lang='lat' dir='ltr'>agitari3</span> <span class='ocrx_word' id='word_1_75' title='bbox 515 1653 596 1727; x_wconf 90' lang='lat' dir='ltr'>post</span> <span class='ocrx_word' id='word_1_76' title='bbox 618 1634 676 1705; x_wconf 83' lang='lat' dir='ltr'>vbi</span> <span class='ocrx_word' id='word_1_77' title='bbox 702 1635 921 1729; x_wconf 81' lang='lat' dir='ltr'>aequabilem</span> <span class='ocrx_word' id='word_1_78' title='bbox 945 1664 1017 1709; x_wconf 85' lang='lat' dir='ltr'>ma·</span> <span class='ocrx_word' id='word_1_79' title='bbox 1072 1694 1075 1699; x_wconf 47' lang='lat'>&gt;</span> 
     </span>
     <span class='ocr_line' id='line_1_15' title="bbox 55 1739 1016 1837; baseline 0.001 -25"><span class='ocrx_word' id='word_1_80' title='bbox 55 1768 158 1826; x_wconf 87' lang='lat' dir='ltr'>uere,</span> <span class='ocrx_word' id='word_1_81' title='bbox 186 1759 235 1824; x_wconf 90' lang='lat' dir='ltr'>et,</span> <span class='ocrx_word' id='word_1_82' title='bbox 264 1749 368 1809; x_wconf 87' lang='lat' dir='ltr'>sicuti</span> <span class='ocrx_word' id='word_1_83' title='bbox 392 1746 481 1808; x_wconf 87' lang='lat' dir='ltr'>acies</span> <span class='ocrx_word' id='word_1_84' title='bbox 505 1739 725 1823; x_wconf 90' lang='lat' dir='ltr'>mouebatur,</span> <span class='ocrx_word' id='word_1_85' title='bbox 756 1751 865 1835; x_wconf 86' lang='lat' dir='ltr'>magis</span> <span class='ocrx_word' id='word_1_86' title='bbox 888 1752 1016 1837; x_wconf 82' lang='lat' dir='ltr'>mugis-</span> 
     </span>
     <span class='ocr_line' id='line_1_16' title="bbox 54 1840 1015 1943; baseline 0.001 -26"><span class='ocrx_word' id='word_1_87' title='bbox 54 1872 130 1941; x_wconf 88' lang='lat' dir='ltr'>que</span> <span class='ocrx_word' id='word_1_88' title='bbox 154 1849 434 1941; x_wconf 75' lang='lat' dir='ltr'>adpropinquare</span> <span class='ocrx_word' id='word_1_89' title='bbox 460 1846 600 1927; x_wconf 81' lang='lat' dir='ltr'>vident,</span> <span class='ocrx_word' id='word_1_90' title='bbox 633 1840 773 1939; x_wconf 85' lang='lat' dir='ltr'>cognita</span> <span class='ocrx_word' id='word_1_91' title='bbox 799 1872 857 1930; x_wconf 87' lang='lat' dir='ltr'>re,</span> <span class='ocrx_word' id='word_1_92' title='bbox 886 1858 1015 1943; x_wconf 79' lang='lat' dir='ltr'>prope-</span> 
     </span>
     <span class='ocr_line' id='line_1_17' title="bbox 56 1959 1016 2043; baseline 0 -21"><span class='ocrx_word' id='word_1_93' title='bbox 56 1970 177 2022; x_wconf 85' lang='lat' dir='ltr'>rantes</span> <span class='ocrx_word' id='word_1_94' title='bbox 203 1976 299 2021; x_wconf 81' lang='lat' dir='ltr'>erma</span> <span class='ocrx_word' id='word_1_95' title='bbox 321 1959 475 2043; x_wconf 90' lang='lat' dir='ltr'>capiunt,</span> <span class='ocrx_word' id='word_1_96' title='bbox 509 1975 550 2018; x_wconf 83' lang='lat' dir='ltr'>ac</span> <span class='ocrx_word' id='word_1_97' title='bbox 576 1975 642 2042; x_wconf 86' lang='lat' dir='ltr'>pro</span> <span class='ocrx_word' id='word_1_98' title='bbox 662 1962 794 2034; x_wconf 84' lang='lat' dir='ltr'>castris,</span> <span class='ocrx_word' id='word_1_99' title='bbox 819 1962 925 2022; x_wconf 88' lang='lat' dir='ltr'>sicuti</span> <span class='ocrx_word' id='word_1_100' title='bbox 948 1963 1016 2023; x_wconf 88' lang='lat' dir='ltr'>lm·</span> 
     </span>
     <span class='ocr_line' id='line_1_18' title="bbox 57 2057 1015 2153; baseline 0.002 -27"><span class='ocrx_word' id='word_1_101' title='bbox 57 2060 259 2153; x_wconf 77' lang='lat' dir='ltr'>parabatur,</span> <span class='ocrx_word' id='word_1_102' title='bbox 278 2066 482 2126; x_wconf 88' lang='lat' dir='ltr'>consistunt.</span> <span class='ocrx_word' id='word_1_103' title='bbox 520 2057 671 2138; x_wconf 84' lang='lat' dir='ltr'>Deinde,</span> <span class='ocrx_word' id='word_1_104' title='bbox 695 2058 752 2127; x_wconf 80' lang='lat' dir='ltr'>vbi</span> <span class='ocrx_word' id='word_1_105' title='bbox 769 2067 913 2151; x_wconf 86' lang='lat' dir='ltr'>propius</span> <span class='ocrx_word' id='word_1_106' title='bbox 931 2084 1015 2130; x_wconf 89' lang='lat' dir='ltr'>ven-</span> 
     </span>
     <span class='ocr_line' id='line_1_19' title="bbox 57 2161 1015 2255; baseline 0.001 -23"><span class='ocrx_word' id='word_1_107' title='bbox 57 2182 150 2246; x_wconf 85' lang='lat' dir='ltr'>tum,</span> <span class='ocrx_word' id='word_1_108' title='bbox 173 2173 348 2255; x_wconf 79' lang='lat' dir='ltr'>utrimque</span> <span class='ocrx_word' id='word_1_109' title='bbox 366 2184 493 2254; x_wconf 84' lang='lat' dir='ltr'>magno</span> <span class='ocrx_word' id='word_1_110' title='bbox 509 2161 662 2229; x_wconf 85' lang='lat' dir='ltr'>clamore</span> <span class='ocrx_word' id='word_1_111' title='bbox 679 2181 904 2232; x_wconf 87' lang='lat' dir='ltr'>concurrunt.</span> <span class='ocrx_word' id='word_1_112' title='bbox 937 2166 1015 2234; x_wconf 72' lang='lat' dir='ltr'>Nu·</span> 
     </span>
     <span class='ocr_line' id='line_1_20' title="bbox 57 2266 1014 2363; baseline 0.001 -25"><span class='ocrx_word' id='word_1_113' title='bbox 57 2271 177 2340; x_wconf 78' lang='lat' dir='ltr'>midae</span> <span class='ocrx_word' id='word_1_114' title='bbox 197 2268 442 2337; x_wconf 88' lang='lat' dir='ltr'>tautummodo</span> <span class='ocrx_word' id='word_1_115' title='bbox 462 2272 641 2346; x_wconf 89' lang='lat' dir='ltr'>remorati,</span> <span class='ocrx_word' id='word_1_116' title='bbox 661 2266 747 2333; x_wconf 89' lang='lat' dir='ltr'>dum</span> <span class='ocrx_word' id='word_1_117' title='bbox 767 2275 805 2334; x_wconf 90' lang='lat' dir='ltr'>in</span> <span class='ocrx_word' id='word_1_118' title='bbox 820 2268 1014 2363; x_wconf 84' lang='lat' dir='ltr'>elephantis</span> 
     </span>
     <span class='ocr_line' id='line_1_21' title="bbox 56 2374 1015 2466; baseline 0.002 -24"><span class='ocrx_word' id='word_1_119' title='bbox 56 2374 230 2443; x_wconf 82' lang='lat' dir='ltr'>auxilium</span> <span class='ocrx_word' id='word_1_120' title='bbox 263 2390 412 2466; x_wconf 88' lang='lat' dir='ltr'>putant·</span> <span class='ocrx_word' id='word_1_121' title='bbox 401 2423 411 2454; x_wconf 93' lang='lat'>,</span> <span class='ocrx_word' id='word_1_122' title='bbox 457 2388 645 2464; x_wconf 85' lang='lat' dir='ltr'>postquam</span> <span class='ocrx_word' id='word_1_123' title='bbox 682 2374 871 2464; x_wconf 89' lang='lat' dir='ltr'>impeditos</span> <span class='ocrx_word' id='word_1_124' title='bbox 908 2383 1015 2445; x_wconf 75' lang='lat' dir='ltr'>remit</span> 
     </span>
     <span class='ocr_line' id='line_1_22' title="bbox 56 2479 1021 2571; baseline 0.001 -23"><span class='ocrx_word' id='word_1_125' title='bbox 56 2480 241 2562; x_wconf 82' lang='lat' dir='ltr'>arborum,</span> <span class='ocrx_word' id='word_1_126' title='bbox 281 2497 386 2571; x_wconf 83' lang='lat' dir='ltr'>utque</span> <span class='ocrx_word' id='word_1_127' title='bbox 413 2484 461 2546; x_wconf 86' lang='lat' dir='ltr'>ita</span> <span class='ocrx_word' id='word_1_128' title='bbox 492 2479 655 2546; x_wconf 87' lang='lat' dir='ltr'>disiectos</span> <span class='ocrx_word' id='word_1_129' title='bbox 685 2485 936 2548; x_wconf 79' lang='lat' dir='ltr'>circumueniri</span> <span class='ocrx_word' id='word_1_130' title='bbox 964 2487 1021 2550; x_wconf 85' lang='lat' dir='ltr'>vi</span> 
     </span>
     <span class='ocr_line' id='line_1_23' title="bbox 57 2582 1016 2676; baseline -0.001 -22"><span class='ocrx_word' id='word_1_131' title='bbox 57 2586 159 2669; x_wconf 89' lang='lat' dir='ltr'>dent,</span> <span class='ocrx_word' id='word_1_132' title='bbox 186 2587 305 2676; x_wconf 84' lang='lat' dir='ltr'>fugam</span> <span class='ocrx_word' id='word_1_133' title='bbox 334 2585 489 2652; x_wconf 87' lang='lat' dir='ltr'>faciunt·</span> <span class='ocrx_word' id='word_1_134' title='bbox 524 2607 564 2650; x_wconf 90' lang='lat' dir='ltr'>ao</span> <span class='ocrx_word' id='word_1_135' title='bbox 591 2582 764 2675; x_wconf 81' lang='lat' dir='ltr'>plerique,</span> <span class='ocrx_word' id='word_1_136' title='bbox 793 2585 934 2653; x_wconf 84' lang='lat' dir='ltr'>abiectis</span> <span class='ocrx_word' id='word_1_137' title='bbox 961 2609 1016 2653; x_wconf 86' lang='lat' dir='ltr'>ar·</span> 
     </span>
     <span class='ocr_line' id='line_1_24' title="bbox 56 2688 1015 2780; baseline -0.004 -19"><span class='ocrx_word' id='word_1_138' title='bbox 56 2700 138 2775; x_wconf 87' lang='lat' dir='ltr'>mis,</span> <span class='ocrx_word' id='word_1_139' title='bbox 166 2690 277 2774; x_wconf 84' lang='lat' dir='ltr'>collis,</span> <span class='ocrx_word' id='word_1_140' title='bbox 306 2707 368 2757; x_wconf 89' lang='lat' dir='ltr'>aut</span> <span class='ocrx_word' id='word_1_141' title='bbox 391 2697 516 2770; x_wconf 91' lang='lat' dir='ltr'>noctis,</span> <span class='ocrx_word' id='word_1_142' title='bbox 546 2712 635 2780; x_wconf 90' lang='lat' dir='ltr'>quae</span> <span class='ocrx_word' id='word_1_143' title='bbox 662 2696 733 2756; x_wconf 88' lang='lat' dir='ltr'>iam</span> <span class='ocrx_word' id='word_1_144' title='bbox 759 2688 889 2771; x_wconf 86' lang='lat' dir='ltr'>aderat,</span> <span class='ocrx_word' id='word_1_145' title='bbox 918 2697 1015 2757; x_wconf 85' lang='lat' dir='ltr'>auxi·</span> 
     </span>
     <span class='ocr_line' id='line_1_25' title="bbox 58 2792 1013 2888; baseline -0.002 -24"><span class='ocrx_word' id='word_1_146' title='bbox 58 2796 110 2865; x_wconf 86' lang='lat' dir='ltr'>lio</span> <span class='ocrx_word' id='word_1_147' title='bbox 140 2802 275 2888; x_wconf 83' lang='lat' dir='ltr'>integri</span> <span class='ocrx_word' id='word_1_148' title='bbox 299 2796 439 2863; x_wconf 89' lang='lat' dir='ltr'>abeunt.</span> <span class='ocrx_word' id='word_1_149' title='bbox 510 2792 699 2885; x_wconf 82' lang='lat' dir='ltr'>Elephanti</span> <span class='ocrx_word' id='word_1_150' title='bbox 730 2812 882 2887; x_wconf 78' lang='lat' dir='ltr'>quatuor</span> <span class='ocrx_word' id='word_1_151' title='bbox 906 2803 1013 2887; x_wconf 85' lang='lat' dir='ltr'>capti,</span> 
     </span>
     <span class='ocr_line' id='line_1_26' title="bbox 57 2900 1010 2994; baseline -0.002 -25"><span class='ocrx_word' id='word_1_152' title='bbox 57 2902 189 2994; x_wconf 86' lang='lat' dir='ltr'>reliqui</span> <span class='ocrx_word' id='word_1_153' title='bbox 214 2925 349 2985; x_wconf 87' lang='lat' dir='ltr'>omnes,</span> <span class='ocrx_word' id='word_1_154' title='bbox 377 2924 526 2968; x_wconf 86' lang='lat' dir='ltr'>numero</span> <span class='ocrx_word' id='word_1_155' title='bbox 555 2901 792 2994; x_wconf 84' lang='lat' dir='ltr'>quadraginta,</span> <span class='ocrx_word' id='word_1_156' title='bbox 823 2900 1010 2967; x_wconf 83' lang='lat' dir='ltr'>interfecti.</span> 
     </span>
    </p>

    <p class='ocr_par' dir='ltr' id='par_1_5' title="bbox 30 3010 1124 3736">
     <span class='ocr_line' id='line_1_27' title="bbox 30 3010 1015 3098; baseline -0.006 -19"><span class='ocrx_word' id='word_1_157' title='bbox 30 3011 110 3081; x_wconf 71' lang='lat' dir='ltr'>,At</span> <span class='ocrx_word' id='word_1_158' title='bbox 144 3010 316 3086; x_wconf 85' lang='lat' dir='ltr'>Romani,</span> <span class='ocrx_word' id='word_1_159' title='bbox 355 3028 567 3097; x_wconf 88' lang='lat' dir='ltr'>quamquem</span> <span class='ocrx_word' id='word_1_160' title='bbox 606 3014 732 3072; x_wconf 88' lang='lat' dir='ltr'>itinere</span> <span class='ocrx_word' id='word_1_161' title='bbox 764 3023 870 3098; x_wconf 86' lang='lat' dir='ltr'>atque</span> <span class='ocrx_word' id='word_1_162' title='bbox 909 3028 1015 3097; x_wconf 77' lang='lat' dir='ltr'>opere</span> 
     </span>
     <span class='ocr_line' id='line_1_28' title="bbox 57 3109 1012 3202; baseline -0.005 -21"><span class='ocrx_word' id='word_1_163' title='bbox 57 3129 253 3182; x_wconf 74' lang='lat' dir='ltr'>metrorum</span> <span class='ocrx_word' id='word_1_164' title='bbox 273 3128 309 3178; x_wconf 90' lang='lat' dir='ltr'>et</span> <span class='ocrx_word' id='word_1_165' title='bbox 322 3110 455 3202; x_wconf 89' lang='lat' dir='ltr'>praelio</span> <span class='ocrx_word' id='word_1_166' title='bbox 474 3112 556 3178; x_wconf 83' lang='lat' dir='ltr'>fessi</span> <span class='ocrx_word' id='word_1_167' title='bbox 574 3109 721 3201; x_wconf 76' lang='lat' dir='ltr'>lassique</span> <span class='ocrx_word' id='word_1_168' title='bbox 736 3130 849 3179; x_wconf 88' lang='lat' dir='ltr'>eraut:</span> <span class='ocrx_word' id='word_1_169' title='bbox 879 3128 1012 3188; x_wconf 89' lang='lat' dir='ltr'>tamen,</span> 
     </span>
     <span class='ocr_line' id='line_1_29' title="bbox 58 3213 1014 3311; baseline -0.007 -25"><span class='ocrx_word' id='word_1_170' title='bbox 58 3218 154 3311; x_wconf 91' lang='lat' dir='ltr'>quod</span> <span class='ocrx_word' id='word_1_171' title='bbox 179 3215 346 3284; x_wconf 85' lang='lat' dir='ltr'>Metellus</span> <span class='ocrx_word' id='word_1_172' title='bbox 369 3213 519 3308; x_wconf 89' lang='lat' dir='ltr'>amplius</span> <span class='ocrx_word' id='word_1_173' title='bbox 536 3224 701 3307; x_wconf 87' lang='lat' dir='ltr'>opinione</span> <span class='ocrx_word' id='word_1_174' title='bbox 725 3217 937 3296; x_wconf 79' lang='lat' dir='ltr'>morabatur,</span> <span class='ocrx_word' id='word_1_175' title='bbox 960 3222 1014 3280; x_wconf 89' lang='lat' dir='ltr'>in-</span> 
     </span>
     <span class='ocr_line' id='line_1_30' title="bbox 57 3320 1015 3413; baseline -0.004 -20"><span class='ocrx_word' id='word_1_176' title='bbox 57 3331 185 3393; x_wconf 78' lang='lat' dir='ltr'>structi</span> <span class='ocrx_word' id='word_1_177' title='bbox 211 3329 409 3413; x_wconf 86' lang='lat' dir='ltr'>intentique</span> <span class='ocrx_word' id='word_1_178' title='bbox 433 3322 573 3389; x_wconf 87' lang='lat' dir='ltr'>obuiem</span> <span class='ocrx_word' id='word_1_179' title='bbox 595 3321 801 3413; x_wconf 82' lang='lat' dir='ltr'>procedunt.</span> <span class='ocrx_word' id='word_1_180' title='bbox 837 3320 929 3387; x_wconf 84' lang='lat' dir='ltr'>Nem</span> <span class='ocrx_word' id='word_1_181' title='bbox 953 3320 1015 3389; x_wconf 92' lang='lat' dir='ltr'>do·</span> 
     </span>
     <span class='ocr_line' id='line_1_31' title="bbox 59 3425 1014 3518; baseline -0.007 -20"><span class='ocrx_word' id='word_1_182' title='bbox 59 3429 114 3497; x_wconf 88' lang='lat' dir='ltr'>lus</span> <span class='ocrx_word' id='word_1_183' title='bbox 139 3427 375 3497; x_wconf 85' lang='lat' dir='ltr'>Numidarum</span> <span class='ocrx_word' id='word_1_184' title='bbox 400 3425 491 3493; x_wconf 88' lang='lat' dir='ltr'>nihil</span> <span class='ocrx_word' id='word_1_185' title='bbox 520 3425 695 3518; x_wconf 84' lang='lat' dir='ltr'>languidi,</span> <span class='ocrx_word' id='word_1_186' title='bbox 737 3448 852 3517; x_wconf 89' lang='lat' dir='ltr'>neque</span> <span class='ocrx_word' id='word_1_187' title='bbox 878 3431 1014 3493; x_wconf 82' lang='lat' dir='ltr'>remissi</span> 
     </span>
     <span class='ocr_line' id='line_1_32' title="bbox 56 3533 1014 3629; baseline -0.004 -26"><span class='ocrx_word' id='word_1_188' title='bbox 56 3534 267 3629; x_wconf 85' lang='lat' dir='ltr'>patiebatur.</span> <span class='ocrx_word' id='word_1_189' title='bbox 339 3535 393 3600; x_wconf 87' lang='lat' dir='ltr'>Ac</span> <span class='ocrx_word' id='word_1_190' title='bbox 421 3541 555 3623; x_wconf 90' lang='lat' dir='ltr'>primo,</span> <span class='ocrx_word' id='word_1_191' title='bbox 588 3533 733 3625; x_wconf 66' lang='lat' dir='ltr'>obscupa</span> <span class='ocrx_word' id='word_1_192' title='bbox 761 3548 885 3612; x_wconf 83' lang='lat' dir='ltr'>noete,</span> <span class='ocrx_word' id='word_1_193' title='bbox 917 3548 1014 3623; x_wconf 85' lang='lat' dir='ltr'>post-</span> 
     </span>
     <span class='ocr_line' id='line_1_33' title="bbox 56 3635 1124 3736; baseline -0.005 -28"><span class='ocrx_word' id='word_1_194' title='bbox 56 3664 167 3736; x_wconf 82' lang='lat' dir='ltr'>quam</span> <span class='ocrx_word' id='word_1_195' title='bbox 186 3636 278 3706; x_wconf 76' lang='lat' dir='ltr'>liuud</span> <span class='ocrx_word' id='word_1_196' title='bbox 302 3639 427 3731; x_wconf 82' lang='lat' dir='ltr'>procul</span> <span class='ocrx_word' id='word_1_197' title='bbox 449 3646 540 3706; x_wconf 81' lang='lat' dir='ltr'>inter·</span> <span class='ocrx_word' id='word_1_198' title='bbox 562 3663 599 3705; x_wconf 82' lang='lat' dir='ltr'>se</span> <span class='ocrx_word' id='word_1_199' title='bbox 618 3650 742 3719; x_wconf 59' lang='lat' dir='ltr'>eraut:</span> <span class='ocrx_word' id='word_1_200' title='bbox 755 3644 917 3728; x_wconf 81' lang='lat' dir='ltr'>strepitu,</span> <span class='ocrx_word' id='word_1_201' title='bbox 944 3635 1014 3729; x_wconf 72' lang='lat' dir='ltr'>vel-</span> <span class='ocrx_word' id='word_1_202' title='bbox 1100 3672 1124 3713; x_wconf 56' lang='lat' dir='ltr'>a</span> 
     </span>
    </p>
   </div>
   <div class='ocr_carea' id='block_1_5' title="bbox 0 0 1136 3998">
    <p class='ocr_par' dir='ltr' id='par_1_6' title="bbox 0 0 1136 3998">
     <span class='ocr_line' id='line_1_34' title="bbox 0 0 1136 3998; baseline 0 0"><span class='ocrx_word' id='word_1_203' title='bbox 0 0 1136 3998; x_wconf 95' lang='lat' dir='ltr'> </span> 
     </span>
    </p>
   </div>
  </div>
 </body>
</html>
