2258 3998
120 83 162 208 m
421 110 756 183 -aauuvu

121 269 279 337 homines
306 275 457 336 nominis
487 255 609 335 Latini
636 283 674 368 et
702 274 813 335 socios
842 267 980 336 Italicos
1011 274 1073 335 im·

119 375 323 465 pedimenta
350 371 523 466 parabant.
596 373 664 439 sed
691 372 827 463 plebes,
864 373 1073 441 incredibile

120 484 316 547 memoratu
344 496 408 560 est,
437 503 543 570 quam
565 485 701 545 intenta
724 478 843 560 fuerit,
873 495 1073 570 quantaque

107 593 154 652 .vi
189 592 408 676 rogationem
445 591 602 665 iusserit,
642 583 855 665 decreuerit,
896 583 1068 652 voluerit:

9 726 12 731 ·
118 691 332 780 magisodio
346 689 556 770 nobilitatis,
581 695 639 783 cui
657 689 748 755 mala
764 687 826 755 illa
846 689 1069 779 parabantur,

119 820 224 886 quam
251 819 335 863 cura
357 795 582 887 reipublicae.
626 812 721 862 tanta
748 793 868 860 lubido
899 800 938 861 in
969 804 1083 887 parti·

119 902 191 968 bus.
221 952 223 959 .
254 904 367 991 Igitur
395 909 521 968 ceteris
551 916 650 967 metu
673 899 866 991 perculsis,
884 900 935 965 M.
965 903 1072 968 Scau·

117 1030 186 1085 rus,
220 1030 323 1096 quem
367 1005 521 1097 legatum
559 1007 694 1072 Bestiae
732 1029 837 1097 supra
872 1005 1070 1087 docuimus,

118 1117 210 1176 inter
229 1110 397 1177 laetitiam
413 1112 540 1204 plebis,
566 1127 601 1177 et
619 1134 763 1177 suorum
775 1111 917 1201 fugam,
933 1111 1071 1202 trepide

119 1223 225 1281 etiam
249 1233 327 1283 tum
347 1224 502 1297 ciuitate,
534 1240 617 1282 cum
640 1240 688 1291 ex,
704 1215 864 1282 Mamilia
888 1224 1071 1306 rogatione

107 1337 188 1387 tres
217 1329 428 1413 quaesitores
455 1339 672 1413 rogarentur,
702 1322 888 1401 effecerat,
913 1328 963 1388 vti
994 1329 1070 1412 ipse

107 1433 155 1494 in
176 1450 217 1491 eo
242 1450 390 1494 numero
416 1445 601 1495 crearetur.
651 1427 719 1494 Sed
741 1434 897 1517 quaestio
919 1434 1070 1511 exercita

116 1556 236 1622 aspere
280 1534 520 1623 violenterque
542 1557 599 1601 <ex
638 1556 798 1612 rumore,
836 1530 1070 1600 et'lubidine

107 1636 237 1726 plebis.
271 1655 307 1705 vt
332 1662 434 1728 saepe
459 1636 689 1716 nobilitatem,
719 1644 769 1704 sic
796 1661 836 1704 ea
859 1652 1070 1726 tempestat·

115 1739 257 1832 plebem
279 1765 320 1807 ex
346 1742 505 1811 secundis
529 1742 632 1808 rebus
656 1743 843 1810 insolentia
869 1759 1018 1834 ceperat.
1028 1740 1039 1787 '-

386 1880 848 1989 cAP.XXXVm.'

110 2122 114 2129 .
180 2059 349 2133 Ceterum
369 2084 444 2128 mos
467 2068 623 2152 partium
644 2061 871 2152 popularium
893 2078 929 2129 et
948 2063 1070 2129 Senati

112 2161 317 2246 factionum,
344 2191 384 2233 ac
407 2166 539 2234 deinde.
559 2154 718 2234 omnium
742 2166 914 2239 malarum
937 2175 1067 2235 artium

112 2279 231 2359 paucis
259 2289 341 2337 ante
366 2281 463 2339 annis
491 2275 622 2340 Romae
651 2290 760 2353 ortus,
793 2280 867 2340 otio
898 2290 934 2340 et
957 2273 1066 2340 abun·

110 2375 230 2442 dantia
250 2400 371 2442 earum
392 2401 523 2457 rerum,
556 2402 644 2468 quae
672 2385 786 2468 prima
812 2377 976 2444 mortales
1001 2366 1065 2444 du-

110 2498 203 2546 cunt.
253 2484 347 2563 Nam
365 2499 447 2550 ante
471 2484 717 2575 Carthaginem
739 2482 891 2567 deletam
911 2482 1065 2575 populus

109 2602 145 2651 et
171 2587 318 2653 Senatus
349 2589 525 2654 Romanus
555 2588 691 2679 placide
718 2587 945 2680 modesteque
971 2595 1065 2657 inter

108 2713 145 2756 se
165 2691 421 2781 rempublicam
449 2693 659 2781 tractabant3
688 2718 802 2785 neque
828 2684 978 2784 gloriae,
1008 2719 1064 2785 ne-

109 2816 177 2886 que
215 2796 464 2865 dominationis
498 2815 677 2866 certamen
716 2807 808 2865 inter
843 2806 930 2867 ciuis
964 2816 1059 2887 erata

108 2917 224 2994 metus
244 2903 389 2997 *hostilis
415 2911 453 2975 in
480 2901 579 2971 bonis
603 2904 736 2972 artibus
768 2892 951 2987 ciuitatem
977 2911 1064 2971 reti·

107 3007 240 3100 ¹nebat.v
287 3009 355 3076 Sed
382 3009 439 3077 vbi
467 3007 527 3076 illa
552 3008 705 3076 formido
733 3009 908 3077 mentibus
935 3008 1062 3076 disces-

107 3120 171 3192 sit,
196 3112 400 3194 scilicet-ea,
425 3139 514 3206 quae
538 3116 712 3183 secundae
736 3140 789 3182 res
813 3132 942 3197 amant,
967 3114 1063 3183 lasci-

107 3225 162 3285 via
187 3235 292 3310 atque
316 3220 478 3310 superbia
503 3225 684 3289 incessere.
734 3225 798 3301 Ita,
831 3220 927 3311 quod
946 3227 983 3288 in
1000 3221 1062 3303 ad·

107 3331 214 3391 vorsis
235 3324 337 3390 rebus
358 3342 565 3417 optauerant
583 3334 715 3413 otium,
740 3342 927 3418 postquam
942 3325 1065 3418 adepti

106 3446 199 3523 sunt,
228 3436 395 3521 asperius,
424 3431 650 3522 acerbiusque
674 3432 752 3497 fuit.
800 3430 965 3523 Namque
986 3456 1062 3500 coe·

106 3523 190 3626 pere
220 3534 381 3601 nobilitas
412 3535 636 3625 dignitatem,
676 3533 826 3628 populus
859 3533 1073 3605 libertatem

106 3645 143 3705 in
164 3637 356 3707 lubidinem
381 3657 536 3736 vertereq
562 3640 630 3713 sibi
652 3649 800 3736 quisque
824 3638 966 3725 ducere,
995 3659 1059 3713 tra-
