2250 3998
132 214 358 302 Maphaeum.
421 216 459 281 0.
489 216 615 305 Crispii
642 215 802 280 Sallustii
823 216 949 281 bellum
975 219 1092 281 catili-

132 341 274 401 narium
295 361 375 402 cum
396 357 584 403 commento
598 340 782 403 Laurentii
795 342 970 405 vallensis.
1007 342 1085 405 Por

123 463 181 559 ¹cii
212 462 376 525 haunit
401 461 621 527 Declamatio
654 481 775 527 contra
807 464 847 526 L.
882 465 1086 561 Catilinam.

134 583 171 661 C·
203 584 317 674 Οήφί
334 584 493 667 Sallustii
509 586 635 649 bellum
644 586 896 672 Iugurthinum
912 609 992 651 cum
1004 609 1093 650 com

134 711 314 771 mentariis
329 702 605 795 'praeclarissimi
618 707 748 796 fratris
763 710 924 773 'Ioannis
951 709 1093 787 Cltriso-

135 834 239 893 stomi
256 828 364 894 Soldi.
392 830 569 895 Brixiani.
639 834 675 897 0.
703 833 816 920 Crispi
845 833 1006 931 Sallustii
1032 856 1094 896 ua·

135 956 210 1017 riae
232 957 403 1019 orationes
430 977 475 1017 esc
497 955 593 1017 libris
614 954 765 1018 eiusdem
787 954 1009 1052 historiarum
1031 979 1092 1020 eac-

137 1093 259 1163 ceptae.
288 1077 324 1141 0.
344 1077 471 1164 Caspii
486 1077 645 1140 Sallustii
656 1080 741 1140 uita.
775 1077 907 1141 Romae
916 1100 980 1164 per
992 1079 1093 1142 Pom-

133 1202 283 1289 ponium
304 1178 484 1295 eminduta
507 1199 718 1288 Briuraeque
739 1221 804 1287 per
818 1200 990 1263 Ioannem
1012 1201 1092 1263 Bri-

137 1325 302 1405 tanicum,
325 1322 582 1408 diligentissime
605 1325 793 1385 reuisa.‘-·-
814 1322 911 1385 Haec
931 1318 1093 1411 deinceps

136 1458 343 1533 sequuntur,
366 1447 559 1525 notamen,
583 1461 620 1512 vt
633 1445 747 1510 Porcii
760 1440 976 1509 Declamatio
991 1459 1096 1509 trans·

107 1634 110 1639 ,
138 1570 252 1655 posita
273 1568 319 1631 sit
340 1584 419 1656 post
441 1565 572 1633 bellum
587 1568 845 1655 Iugurthinum,
869 1565 1013 1655 singulis
1036 1586 1096 1656 pa<

138 1690 227 1779 ginis
251 1684 505 1753 collateralibus
536 1686 705 1753 Catilinae
732 1691 769 1752 in
796 1692 973 1777 superiore
1003 1712 1095 1753 mar-

139 1812 220 1898 gine
248 1811 428 1900 inscriptio
457 1808 592 1899 legatur
618 1814 809 1874 coniuratio
831 1849 874 1860 -
911 1808 1093 1891 Catilinae,

72 1904 75 1909 ²
140 1933 211 1999 rita
232 1953 314 1997 vero
337 1930 493 2000 Sallustii
515 1931 618 2023 plane
641 1956 712 1997 non
735 1948 906 2021 appareat,
957 1933 1035 2017 Sed,
1058 1950 1097 2001 vt

141 2055 211 2125 iam
228 2051 410 2144 aliquoties
427 2059 464 2121 in
482 2040 722 2141 additamentis
740 2059 871 2140 monui,
893 2071 1008 2121 totum
1028 2058 1097 2123 hoc

142 2199 228 2266 opus
250 2175 404 2243 abundat
425 2182 516 2245 vitiis
539 2202 723 2268 operarum
745 2182 843 2245 variis
867 2181 1063 2266 crassisque.

229 2301 269 2365 In
291 2298 345 2365 his
366 2325 482 2392 porro,
505 2324 592 2391 quae
615 2300 658 2365 de
680 2324 760 2366 meo
782 2299 908 2383 addidi,
930 2299 1097 2371 vttaedio

142 2420 332 2489 Lectorum
352 2447 523 2511 cauerem,
546 2421 730 2517 diligenter
750 2444 791 2486 ea
812 2424 928 2488 omnia
941 2426 1099 2511 separaui

143 2558 248 2641 atqua
277 2549 314 2609 in
334 2545 526 2635 peculiares
549 2542 642 2612 locos
666 2550 851 2633 congessi,¹
874 2567 961 2633 quae
985 2542 1099 2610 solent

142 2662 202 2731 alii
228 2680 333 2735 notae
354 2669 453 2735 iuius
477 2674 655 2735 contextui
676 2670 870 2732 immiscere
876 2692 886 2743 3
920 2665 1098 2755 fugiendo·

143 2809 211 2877 que
240 2786 355 2855 dulcia
385 2792 617 2880 interpretum
646 2793 729 2869 sitia
758 2793 899 2853 inanem
928 2812 1098 2877 quaeren-

144 2912 234 3009 tiuin
255 2927 472 3001 apparatum,
497 2912 534 2979 id
555 2915 702 3001 mantne
726 2917 856 2996 curaui,
881 2925 915 2979 vt
945 2913 1098 3007 iuniores

3 3062 7 3073 ·
100 3030 103 3035 ’
143 3012 206 3099 aut
226 3033 344 3099 minus
364 3038 465 3121 otiosi
487 3043 562 3103 sine
583 3033 834 3126 impedimento
856 3050 961 3123 atque
992 3038 1099 3098 etiam

4 3208 15 3239 ·.
49 3166 54 3178 '
143 3174 226 3221 cum
241 3152 363 3223 fructu
384 3154 501 3249 legere
526 3174 667 3251 possent
688 3164 905 3247 scriptorem,
929 3177 1034 3244 quem
1050 3136 1121 3218 le?

142 3280 233 3369 gissa
264 3284 444 3349 neminem
470 3285 651 3349 seuerioris
679 3284 784 3347 etiam
813 3279 993 3353 doetrinae
1025 3292 1100 3347 stu-¹

49 3406 52 3507 j
142 3398 282 3501 dissum
294 3409 484 3495 poeniteat,
505 3403 714 3473 intellexisse
736 3425 819 3471 vero
841 3415 945 3489 atque
967 3397 1100 3487 probas-

141 3544 198 3613 ’θ’
225 3526 265 3591 51¹
284 3547 409 3623 mgna
430 3533 545 3608 etiam*
559 3527 764 3621 ponendum
790 3527 835 3593 sit
856 3520 969 3589 laude.

69 3630 241 3712 'm
267 3700 300 3744 ..··.
392 3734 398 3743 .
548 3692 730 3753 aa·
