2258 3998
116 110 275 185 'tmm
441 98 771 180 .B·ELL'VM

140 289 178 339 vt
203 271 320 345 hostes
346 266 547 347 aduentare,
580 263 681 338 alteri
709 265 801 357 apud
824 264 951 337 alteros
971 264 1097 353 formi-

137 376 261 443 dinem
276 360 410 452 ³sienul,
444 389 488 441 et
515 369 876 459 tumultumlacere3
922 386 959 437 et
983 393 1096 462 paene

138 479 379 570 imprudentia
410 476 599 549 admissum
623 475 761 549 facinus
791 474 1016 555 miserabile,
1057 481 1097 563 ni

135 594 316 674 utrimque
341 587 524 672 praemissi
545 587 680 672 equites
705 602 792 647 rem‘
808 578 1091 669 explorauissent.

135 695 269 781 igitur,
309 710 374 777 pro
401 703 510 765 metu,
553 702 699 775 repente
726 684 892 774 gaudium
919 704 1094 767 exortum,

77 868 80 877 p
138 795 270 867 milites.
288 791 376 863 alius
399 791 508 857 alium
527 789 609 857 laeti
629 789 816 880 adpellant,
847 806 925 863 acta
943 793 1096 859 edocent

58 917 65 932 ⁸
138 918 244 990 atque
269 895 432 971 audiunt:
465 919 526 961 sua
546 901 693 986 quisque
712 894 822 961 'fortia
839 894 931 961 lacta
953 892 995 963 ad
1015 921 1095 963 coe·

138 1003 215 1070 lum
240 1004 341 1073 ferre.
404 1003 546 1092 Quippe
573 1023 627 1067 res
658 1000 829 1065 humanae
857 1006 907 1064 ita
932 1022 1005 1065 sese
1033 1000 1094 1064 ha-

139 1109 238 1174 bent:
269 1115 306 1173 in
331 1113 476 1179 victoria
501 1104 556 1172 vel
583 1111 717 1194 ignauis
741 1102 882 1194 gloriari
904 1103 989 1172 licet
996 1131 1006 1186 3
1034 1104 1094 1172 ad·

138 1236 258 1283 versae
283 1236 337 1278 res
364 1218 471 1278 etiam
499 1210 607 1278 bonos
636 1204 837 1276 detractant.

254 1480 257 1485 Ι
505 1391 582 1458 oA
595 1392 637 1457 P.
661 1372 665 1391 ²
686 1392 725 1456 L.

203 1530 371 1599 Metellus
391 1538 427 1597 in
448 1531 558 1603 isdem
575 1538 694 1599 castris
714 1528 900 1621 quatriduo
922 1545 1089 1609 moratus,

136 1646 272 1704 saucios
304 1662 388 1705 cum
419 1660 501 1703 cura
516 1694 521 1701 .
536 1636 668 1715 reficit,
709 1643 852 1701 meritos
881 1642 920 1700 in
950 1624 1094 1725 praeliis

135 1767 237 1810 more
263 1743 410 1813 militiae
429 1741 549 1820 donat,
577 1748 754 1807 uniuersos
775 1747 996 1807 inconcione
1018 1739 1093 1806 lau·
1107 1778 1123 1791 =

135 1846 196 1911 dat
227 1862 332 1935 atque
364 1852 435 1933 agit
469 1836 620 1934 gratias3
671 1847 847 1926 hortatur,
892 1849 942 1913 ad
967 1865 1089 1926 cetera,

135 1974 228 2042 quae
255 1953 348 2015 leuia
373 1969 471 2030 sunt,
508 1975 629 2040 parem
659 1956 819 2015 ausimum
846 1934 992 2038 garant.-
1025 1975 1090 2042 pro

135 2060 284 2133 victorici
312 2060 399 2127 satis
423 2059 495 2119 iam
521 2075 719 2145 pugrtatum
729 2103 741 2136 ‚
782 2059 930 2146 reliquos
961 2060 1092 2123 labores
1121 2120 1125 2137 ,

130 2183 196 2250 pro
217 2162 350 2248 praeda
366 2161 457 2251 farre.
510 2161 645 2227 'famen
668 2167 812 2227 interim
837 2160 1029 2252 transfugas
1054 2178 1093 2227 et

134 2261 221 2329 alios
240 2283 495 2355 opportunos,
526 2266 694 2356 Iugurtha
721 2265 778 2333 vbi
810 2271 988 2354 gentium,
1028 2281 1092 2333 aut

134 2368 220 2458 quid
234 2363 404 2459 agitaret,
436 2367 655 2459 exploratum
681 2377 787 2437 misit.
849 2370 899 2436 At
923 2371 989 2441 ,ille
1015 2395 1091 2437 sese

133 2479 173 2539 in
207 2471 284 2539 loca
315 2474 466 2541 saltuosa
502 2493 540 2541 et
568 2490 690 2541 natura
721 2481 857 2543 munita
876 2462 1095 2577 'receperats

132 2577 254 2667 ibique
299 2580 443 2668 cogebat
484 2587 676 2651 exercitum
716 2603 865 2647 numero
902 2582 1091 2661 homiuum

133 2681 355 2772 ampliorem,
382 2685 442 2750 sed
467 2685 630 2753 hebetem
656 2683 922 2777 infirmumque,
949 2693 1094 2776 agriac-

132 2794 267 2879 pecoris
302 2797 429 2880 magis,
465 2815 570 2882 quam
598 2789 696 2870 belli,
729 2789 910 2857 cultorem.
982 2792 1022 2858 Id
1048 2814 1090 2858 ea

131 2899 243 2982 gratia
266 2894 451 2963 eueniebat
463 2945 473 2978 ,
519 2896 614 2986 quod
642 2890 781 2986 praeter
808 2903 921 2986 regios
952 2903 1089 2988 equites

132 3022 237 3063 nemo
267 3007 426 3067 omnium
449 3001 685 3069 Numidarum
711 3025 753 3066 ex
782 3000 863 3090 fuga
891 3024 1010 3091 regem
1035 3026 1089 3067 se-

132 3109 261 3194 quitur.
321 3128 404 3195 quo¹
426 3114 594 3198 cuiusque
623 3113 759 3173 animus
786 3107 868 3187 lert,
909 3130 951 3174 eo
976 3106 1087 3174 disce·

130 3209 243 3291 dunt,.
266 3233 381 3302 neque
406 3212 442 3278 id
466 3213 637 3306 llagitium
667 3210 815 3278 militiae
841 3211 1003 3281 duciturz
1039 3216 1089 3280 ita

130 3337 167 3378 se
205 3337 319 3411 mores
354 3317 492 3385 habent.
560 3319 673 3408 Igitur
704 3315 871 3384 Metellus
902 3317 960 3386 vbi
991 3318 1089 3387 videt

129 3428 220 3508 regis
246 3430 353 3489 etiam
379 3440 457 3497 tum
483 3431 642 3491 animum
667 3422 840 3502 ferocem3
869 3423 1002 3491 bellum
1032 3448 1088 3489 re·

131 3533 272 3605 nouari,
297 3528 404 3617 quod,
438 3536 506 3595 nisi
532 3552 573 3595 ex
600 3524 694 3594 illius
719 3527 890 3609 lubidine,
918 3536 993 3619 geri
1012 3552 1088 3617 pos·

111 3645 199 3711 ¹set5
233 3647 416 3723 praeterea
435 3629 600 3728 iniquum
617 3650 796 3705 certamen
814 3634 882 3735 sibi
903 3658 986 3705 cum
1006 3632 1086 3700 hos-
