2258 3998
77 121 99 188 8
324 110 782 197 corttv'lta‘mo

79 298 211 368 perque
238 275 291 341 his
315 273 428 342 aliena
451 283 563 345 virtus
585 272 810 343 formidolosa
834 288 897 347 est.
939 254 1028 338 'Sed

81 389 215 462 ciuitas,
246 381 450 449 incredibile
468 398 665 449 memoratu
684 398 749 460 est,
777 380 903 470 adepta
923 376 1027 445 liber·

81 505 163 567 tate,
190 503 361 578 quantum
381 487 481 555 breui
498 494 657 556 creuerit.
690 503 786 553 tanta
807 485 936 576 cupido
954 482 1029 573 glo·

80 600 151 687 riae
180 601 373 661 incesserat.
437 595 512 661 Iam
540 600 695 684 primum
728 600 891 660 iuuentus
923 585 1029 656 simul

82 723 121 766 ac
141 697 224 765 belli
241 707 377 790 patiens
399 714 485 778 erat,
512 705 549 765 in
567 705 685 766 castris
703 723 767 790 per
789 698 946 763 laborem
967 717 1030 764 vsu

82 803 246 870 militiam
271 803 445 871 discebat:
487 811 663 894 magisque
688 811 725 870 in
751 805 884 871 decoris
909 807 1029 879 armis,
1061 810 1077 821 “

82 935 187 1000 quam
201 917 239 975 in
257 917 380 977 scortis
403 925 508 998 atque
531 916 702 986 conuiuiis
721 909 914 981 lubidinem
932 906 1032 972 habe·

83 1016 173 1081 bant.
244 1016 355 1104 Igitur
382 1012 507 1083 talibus
532 1023 614 1089 uiris
641 1040 711 1082 non
735 1015 829 1082 labos
857 1012 1029 1089 insolitus,

83 1145 155 1186 non
182 1120 279 1186 locus
305 1117 391 1187 vllus
410 1139 521 1211 asper,
558 1138 619 1188 aut
642 1122 769 1188 arduus
787 1136 889 1187 erat:
921 1125 1032 1185 virtus

85 1233 208 1292 omnia.
220 1226 412 1297 domuerat.
464 1226 530 1292 Sed
554 1226 684 1316 gloriae
703 1249 905 1293 maxumum
928 1240 1032 1291 certa-

84 1355 166 1398 men
180 1339 273 1399 inter
288 1339 379 1422 ipsos
394 1348 483 1398 erat:
515 1343 588 1399 sese
603 1340 748 1423 quisque
765 1333 901 1397 hostem
914 1328 1032 1406 ferire,

85 1460 228 1502 murum
250 1437 471 1518 adscendere,
500 1444 667 1545 conspici,
700 1439 786 1504 dum
810 1435 879 1502 tale
899 1434 1034 1500 facinus

84 1541 225 1620 faceret,
263 1543 494 1633 properabat3
535 1542 775 1619 eas'diuitias,
803 1566 880 1608 eam
905 1539 1036 1605 bonam

85 1647 214 1715 lamam
228 1671 458 1737 magnamque
477 1648 697 1714 nobilitatem
719 1647 901 1739 putabant:
925 1645 1035 1710 laudis

85 1753 193 1830 auidi,
223 1759 394 1842 pecuniae
416 1750 573 1820 liberales
601 1770 714 1818 erant:
749 1752 894 1842 gloriam
913 1757 1049 1839 ingen-o

87 1874 177 1934 tem,
218 1856 359 1922 diuitias
398 1857 558 1925 honestas
599 1857 770 1924 volebant.
837 1858 1037 1921 Memorare

87 1987 237 2054 possem,
263 1963 387 2053 quibus
402 1970 438 2029 in
457 1962 730 2030 locismaxumas
745 1965 899 2029 hostium
920 1967 1036 2051 copias

88 2067 238 2158 populus
260 2071 435 2135 Romanus
453 2050 561 2159 parnd
577 2094 685 2136 manu
696 2070 828 2135 fuderit
833 2093 844 2150 3
873 2073 912 2132 ni
925 2090 966 2132 ea
982 2087 1037 2133 res

89 2174 225 2266 longius
243 2173 286 2240 ab
307 2181 448 2269 incepto
465 2176 630 2242 traheret.

203 2418 249 2476 r,
437 2334 569 2422 cAP.
601 2352 686 2419 JV.

155 2487 223 2559 sa'd
244 2491 401 2584 profecto
422 2489 563 2565 fortuna
583 2496 621 2556 in
643 2497 740 2557 omni
760 2515 798 2557 re
812 2489 1035 2556 dominatura

92 2622 132 2664 ea
152 2621 204 2663 res
223 2614 363 2663 cunctas
382 2620 423 2661 ex
442 2595 598 2662 lubidine
619 2602 744 2685 magis,
774 2621 878 2686 quarn
898 2618 940 2659 ex
957 2615 1039 2662 vero

92 2701 246 2769 celebrat
263 2702 502 2792 obscuratque.
552 2700 823 2766 Atheniensium
840 2724 896 2767 res
910 2716 1039 2789 gestae,

92 2814 197 2875 sicuti
219 2831 284 2897 ego
309 2824 477 2885 aestumo,
507 2813 589 2873 satis
610 2805 747 2897 amplae
769 2805 1042 2897 magnificaeque

93 2915 210 2992 fuere3
236 2936 358 2979 verum
384 2910 563 3002 aliquanto
591 2906 741 2977 minores
770 2929 905 2989 tamen,
936 2932 1041 3000 quam

94 3019 186 3084 fama
203 3018 375 3085 feruntur.
425 3017 494 3083 Sed
518 3023 601 3109 quia
617 3041 812 3108 prouenere
828 3019 877 3083 ibi
901 3023 1045 3106 scriptor

95 3148 175 3188 rum
200 3148 324 3213 magna
347 3129 496 3212 ingenia,
524 3146 588 3212 per
611 3139 785 3189 terrarum
803 3123 924 3189 orbern
939 3121 1046 3199 Atha·

97 3236 272 3296 niensium
297 3229 387 3295 facta
417 3250 482 3318 pro
511 3235 680 3294 maxumis
708 3227 935 3294 celebrantur.
992 3229 1045 3292 Ita

98 3358 232 3413 eorum,
265 3342 325 3425 qui
350 3334 476 3412 fecere,
505 3339 614 3399 virtus
635 3348 732 3399 tanta
749 3332 909 3411 habetur,
936 3355 1045 3421 quan·

98 3456 176 3506 tum
190 3440 300 3507 verbis
321 3464 397 3506 eam
411 3457 560 3531 potuere
574 3438 740 3506 extollere
760 3437 937 3530 praeclara
951 3442 1046 3526 inge·

98 3553 166 3612 nia.
237 3546 286 3611 At
312 3544 445 3637 populo
472 3547 630 3612 Romano
657 3569 850 3636 numquam
878 3566 919 3610 ea
945 3548 1048 3632 copia

99 3652 182 3718 fuit:
222 3657 303 3742 quia
328 3649 633 3747 prudentissumus
664 3658 812 3749 quisque
845 3654 1047 3740 negotiosus
