2258 3998
293 103 795 231 rv'evarffluvu.
837 194 845 212 ,
959 58 1052 209 n,⁴

64 262 222 333 tranium
254 262 381 358 agmen
416 260 557 336 Metelli
587 260 720 361 primos¹
752 262 850 339 suos
868 282 1025 365 praeter-

61 394 223 463 gressum
247 374 359 455 videt,
400 376 572 464 praesidio
602 383 700 466 quasi
729 375 850 443 duum·
866 378 1023 447 inilliu'm

60 476 226 568 peditum
247 494 406 545 montem
426 497 592 572 occupat,
611 504 680 572 qua
700 480 869 550 Metellus
879 483 1027 553 desbow

60 580 183 662 derat;
211 604 258 650 ne
276 584 369 650 forte
393 585 597 653 cedentibus
619 586 826 653 aduersariis
846 597 1020 680 receptui,

60 710 105 754 ao
131 703 212 779 post
234 697 457 779 munimento
483 690 585 758 foret.
616 692 715 771 dein,
745 710 889 783 repente
920 701 1022 783 signo

60 791 166 873 dato,
192 793 309 861 ‘hostis
334 794 479 862 inuadit.
541 796 717 865 Numidae
740 796 799 863 alii
826 804 1023 888 postremos

62 898 225 979 caedem
253 922 333 991 pars
358 924 380 966 a
394 906 537 966 sinistra
562 924 604 967 ao
628 901 769 968 dextera
793 919 945 983 tentar03
971 913 1027 977 ine
1080 894 1083 899 ’

60 1003 155 1073 tensi
180 1004 299 1073 adesse
328 1022 433 1096 atque
461 1012 609 1101 instare,
635 1008 806 1098 ,omnibus
835 1001 919 1075 locis
949 1012 1021 1078 Ro·-

61 1096 253 1176 rnarrorum
281 1110 419 1177 ordines
456 1096 666 1178 conturbare
678 1138 688 1193 ς
728 1135 880 1204 quorum
911 1121 1024 1182 etianr·

61 1220 127 1305 qui
159 1213 373 1282 firmioribus
397 1222 523 1283 animis
552 1216 649 1283 obuii
680 1218 836 1284 hostibus
865 1219 1019 1301 hierant,

62 1318 236 1387 ludifierti
271 1328 407 1389 incerto
439 1318 596 1412 praelio,
633 1326 701 1413 ipsi
739 1324 848 1389 modo
881 1332 1022 1394 eminus

61 1424 319 1506 sauciabantur,
335 1449 450 1517 noque
470 1442 592 1492 contra
609 1426 776 1507 feriundi,
795 1444 857 1494 aut
873 1442 1021 1497 manum'
1082 1478 1088 1499 2

61 1531 272 1600 conserendi
296 1538 398 1623 copia
429 1548 512 1598 erat.
553 1548 655 1597 antea
683 1538 752 1598 iam
780 1532 876 1599 docti
901 1534 945 1600 ab
970 1536 1023 1600 Iu-

61 1639 193 1729 gurtha
220 1644 373 1728 equites,
415 1638 624 1727 vbicumque
648 1638 889 1703 Romanorum
910 1639 1022 1723 ttngba

61 1750 202 1835 insequi
216 1759 388 1835 coeperat,
407 1766 478 1809 non
496 1749 697 1830 consertim,
723 1766 838 1833 neque
855 1749 892 1809 in
911 1768 1022 1813 vnum

62 1873 141 1918 sese
167 1850 394 1941 recipiebant,
424 1846 596 1915 sedulius
628 1847 698 1915 alio
722 1870 828 1938 quam
856 1872 1021 1917 maxume

62 1957 208 2023 diuersi·
230 1994 233 2001 ·
257 1956 310 2022 Ita
325 1977 474 2023 nurnero
491 1960 643 2045 priores,
672 1961 701 2020 si
719 1953 761 2019 ab
779 1955 1022 2045 persequendo

64 2064 177 2129 hostis
194 2060 370 2131 deterrere
394 2066 638 2150 nequiuerant‚
666 2059 828 2124 disiectos
844 2060 887 2124 ab
905 2076 1019 2150 tergo,

62 2184 127 2235 aut
151 2166 315 2233 lateribus
341 2163 682 2241 circumueniabant3
710 2169 764 2228 sin
786 2173 1023 2254 opportunior

63 2274 168 2364 fugae
186 2270 296 2351 collis,
324 2294 429 2361 quam
456 2276 572 2358 campi
596 2267 752 2347 fuerant,
780 2290 821 2333 ea
837 2292 920 2334 vero
938 2293 1022 2336 con-

63 2385 159 2446 sueti
180 2370 415 2445 Numidarum
436 2380 518 2466 equi
540 2371 642 2439 facile
662 2380 756 2438 inter
773 2372 924 2463 virgulta
941 2398 1023 2442 eua-

63 2484 173 2551 dere:
223 2499 360 2550 nostros
393 2486 559 2574 asperitas
587 2496 625 2546 et
656 2477 842 2549 insolentia
866 2477 937 2547 loci
966 2502 1022 2547 ro-

63 2587 211 2658 sinebat.

365 2676 440 2745 CA
452 2680 494 2743 P.
534 2676 607 2743 XL
615 2676 655 2743 V
653 2677 679 2740 I
682 2676 709 2739 I
711 2724 719 2739 .

134 2800 304 2870 eetoum
326 2799 430 2866 facies
451 2805 559 2865 totius
579 2804 713 2887 negotii
736 2800 848 2875 varia,
874 2804 1020 2882 ineerta,

63 2907 169 2975 foeda
190 2923 296 2997 atque
313 2904 527 2971 miserabilis.
571 2903 717 2994 dispersi
737 2926 756 2968 a
778 2911 849 2969 suis
867 2927 947 2994 pars
969 2929 1022 2971 ce·

64 3014 163 3093 dere,
192 3011 254 3077 alii
281 3017 437 3103 insequi3
465 3033 579 3100 neque
604 3015 713 3099 signa,
743 3031 858 3099 neque
882 3011 1023 3076 ordines

65 3119 277 3198 obseruar03
322 3117 380 3184 vbi
419 3138 594 3207 quemque
631 3111 830 3205 periculum
864 3129 1021 3204 ceperat,-

64 3225 118 3293 ibi
143 3230 304 3291 resistere
331 3246 372 3289 ac
397 3219 619 3312 propulsare:
665 3242 781 3299 arma,
807 3217 893 3298 tela,
926 3224 1021 3309 equi,

64 3334 146 3415 viii,
171 3330 306 3410 hostes,
333 3334 428 3395 ciues
451 3331 636 3417 permixti;
659 3323 750 3389 nihil
775 3321 932 3402 consilio,
959 3346 1023 3389 ne·

65 3458 136 3528 que
162 3440 314 3525 imperio
344 3440 420 3523 agi:
461 3433 532 3498 fors
562 3437 680 3497 omnia
704 3451 834 3518 regere.
900 3430 1024 3521 Itaque

65 3539 223 3609 multum
245 3538 304 3606 dio
327 3554 552 3630 processerat,
577 3559 660 3602 cum
684 3541 890 3600 etiamtum
914 3555 1021 3601 euen-

64 3650 183 3739 tutin
209 3651 347 3713 incerto
375 3659 467 3720 erat,
527 3644 691 3733 Denique
717 3638 879 3708 omnibus
903 3636 1022 3708 labora
1051 3674 1064 3693 s
